[
    {
      "time": "2021-08-06T15:50:36.828014Z",
      "trade_id": 199703071,
      "price": "41844.07000000",
      "size": "0.02381360",
      "side": "sell"
    },
    {
      "time": "2021-08-06T15:50:36.4683Z",
      "trade_id": 199703070,
      "price": "41844.06000000",
      "size": "0.00228569",
      "side": "buy"
    },
    {
      "time": "2021-08-06T15:50:35.280331Z",
      "trade_id": 199703069,
      "price": "41839.38000000",
      "size": "0.00010000",
      "side": "sell"
    },
    {
      "time": "2021-08-06T15:50:34.965148Z",
      "trade_id": 199703068,
      "price": "41844.25000000",
      "size": "0.00228630",
      "side": "sell"
    },
    {
      "time": "2021-08-06T15:50:34.130059Z",
      "trade_id": 199703067,
      "price": "41832.44000000",
      "size": "0.00101132",
      "side": "buy"
    },
    {
      "time": "2021-08-06T15:50:33.888664Z",
      "trade_id": 199703066,
      "price": "41844.61000000",
      "size": "0.40107319",
      "side": "sell"
    },
    {
      "time": "2021-08-06T15:50:33.888664Z",
      "trade_id": 199703065,
      "price": "41844.61000000",
      "size": "0.00125935",
      "side": "sell"
    },
    {
      "time": "2021-08-06T15:50:33.888664Z",
      "trade_id": 199703064,
      "price": "41843.03000000",
      "size": "0.01603102",
      "side": "sell"
    },
    {
      "time": "2021-08-06T15:50:33.888664Z",
      "trade_id": 199703063,
      "price": "41842.83000000",
      "size": "0.35874032",
      "side": "sell"
    },
    {
      "time": "2021-08-06T15:50:33.888664Z",
      "trade_id": 199703062,
      "price": "41842.72000000",
      "size": "0.40000000",
      "side": "sell"
    },
    {
      "time": "2021-08-06T15:50:33.888664Z",
      "trade_id": 199703061,
      "price": "41842.71000000",
      "size": "0.67065958",
      "side": "sell"
    },
    {
      "time": "2021-08-06T15:50:33.888664Z",
      "trade_id": 199703060,
      "price": "41842.22000000",
      "size": "0.05000000",
      "side": "sell"
    },
    {
      "time": "2021-08-06T15:50:33.888664Z",
      "trade_id": 199703059,
      "price": "41841.29000000",
      "size": "0.00598513",
      "side": "sell"
    },
    {
      "time": "2021-08-06T15:50:33.888664Z",
      "trade_id": 199703058,
      "price": "41839.46000000",
      "size": "0.00140428",
      "side": "sell"
    },
    {
      "time": "2021-08-06T15:50:33.888664Z",
      "trade_id": 199703057,
      "price": "41837.98000000",
      "size": "0.00087544",
      "side": "sell"
    },
    {
      "time": "2021-08-06T15:50:33.888664Z",
      "trade_id": 199703056,
      "price": "41837.71000000",
      "size": "0.03334287",
      "side": "sell"
    },
    {
      "time": "2021-08-06T15:50:33.888664Z",
      "trade_id": 199703055,
      "price": "41836.92000000",
      "size": "0.00587302",
      "side": "sell"
    },
    {
      "time": "2021-08-06T15:50:33.888664Z",
      "trade_id": 199703054,
      "price": "41836.49000000",
      "size": "0.17570000",
      "side": "sell"
    },
    {
      "time": "2021-08-06T15:50:33.888664Z",
      "trade_id": 199703053,
      "price": "41835.75000000",
      "size": "0.17560000",
      "side": "sell"
    },
    {
      "time": "2021-08-06T15:50:33.888664Z",
      "trade_id": 199703052,
      "price": "41835.20000000",
      "size": "0.05303369",
      "side": "sell"
    },
    {
      "time": "2021-08-06T15:50:33.888664Z",
      "trade_id": 199703051,
      "price": "41834.69000000",
      "size": "0.05625010",
      "side": "sell"
    },
    {
      "time": "2021-08-06T15:50:33.888664Z",
      "trade_id": 199703050,
      "price": "41833.72000000",
      "size": "0.00643820",
      "side": "sell"
    },
    {
      "time": "2021-08-06T15:50:33.888664Z",
      "trade_id": 199703049,
      "price": "41832.50000000",
      "size": "0.00999900",
      "side": "sell"
    },
    {
      "time": "2021-08-06T15:50:33.888664Z",
      "trade_id": 199703048,
      "price": "41831.02000000",
      "size": "0.01268641",
      "side": "sell"
    },
    {
      "time": "2021-08-06T15:50:33.888664Z",
      "trade_id": 199703047,
      "price": "41831.02000000",
      "size": "0.00179687",
      "side": "sell"
    },
    {
      "time": "2021-08-06T15:50:33.888664Z",
      "trade_id": 199703046,
      "price": "41827.90000000",
      "size": "0.17400000",
      "side": "sell"
    },
    {
      "time": "2021-08-06T15:50:33.547084Z",
      "trade_id": 199703045,
      "price": "41831.01000000",
      "size": "0.03739041",
      "side": "buy"
    },
    {
      "time": "2021-08-06T15:50:33.547084Z",
      "trade_id": 199703044,
      "price": "41831.01000000",
      "size": "0.00066875",
      "side": "buy"
    },
    {
      "time": "2021-08-06T15:50:33.29468Z",
      "trade_id": 199703043,
      "price": "41831.02000000",
      "size": "0.00159357",
      "side": "sell"
    },
    {
      "time": "2021-08-06T15:50:33.286514Z",
      "trade_id": 199703042,
      "price": "41831.01000000",
      "size": "0.00153695",
      "side": "buy"
    },
    {
      "time": "2021-08-06T15:50:33.247222Z",
      "trade_id": 199703041,
      "price": "41831.02000000",
      "size": "0.00021435",
      "side": "sell"
    },
    {
      "time": "2021-08-06T15:50:32.93013Z",
      "trade_id": 199703040,
      "price": "41831.02000000",
      "size": "0.00538334",
      "side": "sell"
    },
    {
      "time": "2021-08-06T15:50:32.652386Z",
      "trade_id": 199703039,
      "price": "41831.01000000",
      "size": "0.00416850",
      "side": "buy"
    },
    {
      "time": "2021-08-06T15:50:32.086664Z",
      "trade_id": 199703038,
      "price": "41834.92000000",
      "size": "0.00602105",
      "side": "buy"
    },
    {
      "time": "2021-08-06T15:50:31.930211Z",
      "trade_id": 199703037,
      "price": "41844.61000000",
      "size": "0.00044009",
      "side": "sell"
    },
    {
      "time": "2021-08-06T15:50:31.866434Z",
      "trade_id": 199703036,
      "price": "41844.60000000",
      "size": "0.00059124",
      "side": "buy"
    },
    {
      "time": "2021-08-06T15:50:31.866434Z",
      "trade_id": 199703035,
      "price": "41844.60000000",
      "size": "0.00410876",
      "side": "buy"
    },
    {
      "time": "2021-08-06T15:50:31.311689Z",
      "trade_id": 199703034,
      "price": "41847.73000000",
      "size": "0.00198909",
      "side": "sell"
    },
    {
      "time": "2021-08-06T15:50:30.468751Z",
      "trade_id": 199703033,
      "price": "41848.08000000",
      "size": "0.00251557",
      "side": "sell"
    },
    {
      "time": "2021-08-06T15:50:30.450472Z",
      "trade_id": 199703032,
      "price": "41844.61000000",
      "size": "0.00114218",
      "side": "sell"
    },
    {
      "time": "2021-08-06T15:50:30.11912Z",
      "trade_id": 199703031,
      "price": "41844.60000000",
      "size": "0.00416301",
      "side": "buy"
    },
    {
      "time": "2021-08-06T15:50:29.007004Z",
      "trade_id": 199703030,
      "price": "41847.34000000",
      "size": "0.00055909",
      "side": "sell"
    },
    {
      "time": "2021-08-06T15:50:28.328744Z",
      "trade_id": 199703029,
      "price": "41850.02000000",
      "size": "0.01777999",
      "side": "buy"
    },
    {
      "time": "2021-08-06T15:50:28.328744Z",
      "trade_id": 199703028,
      "price": "41850.02000000",
      "size": "0.01369575",
      "side": "buy"
    },
    {
      "time": "2021-08-06T15:50:28.18922Z",
      "trade_id": 199703027,
      "price": "41850.02000000",
      "size": "0.00266412",
      "side": "buy"
    },
    {
      "time": "2021-08-06T15:50:28.145343Z",
      "trade_id": 199703026,
      "price": "41850.02000000",
      "size": "0.00334381",
      "side": "buy"
    },
    {
      "time": "2021-08-06T15:50:27.424177Z",
      "trade_id": 199703025,
      "price": "41850.03000000",
      "size": "0.00230813",
      "side": "sell"
    },
    {
      "time": "2021-08-06T15:50:27.391666Z",
      "trade_id": 199703024,
      "price": "41850.03000000",
      "size": "0.00171337",
      "side": "sell"
    },
    {
      "time": "2021-08-06T15:50:27.3495Z",
      "trade_id": 199703023,
      "price": "41850.03000000",
      "size": "0.00163973",
      "side": "sell"
    },
    {
      "time": "2021-08-06T15:50:26.402643Z",
      "trade_id": 199703022,
      "price": "41848.78000000",
      "size": "0.00114233",
      "side": "sell"
    },
    {
      "time": "2021-08-06T15:50:26.313356Z",
      "trade_id": 199703021,
      "price": "41844.61000000",
      "size": "0.01613282",
      "side": "buy"
    },
    {
      "time": "2021-08-06T15:50:26.313356Z",
      "trade_id": 199703020,
      "price": "41844.62000000",
      "size": "0.05826441",
      "side": "buy"
    },
    {
      "time": "2021-08-06T15:50:26.166941Z",
      "trade_id": 199703019,
      "price": "41844.41000000",
      "size": "0.02220535",
      "side": "sell"
    },
    {
      "time": "2021-08-06T15:50:26.115119Z",
      "trade_id": 199703018,
      "price": "41839.71000000",
      "size": "0.35226777",
      "side": "buy"
    },
    {
      "time": "2021-08-06T15:50:25.971436Z",
      "trade_id": 199703017,
      "price": "41839.72000000",
      "size": "0.12533928",
      "side": "sell"
    },
    {
      "time": "2021-08-06T15:50:25.781633Z",
      "trade_id": 199703016,
      "price": "41842.46000000",
      "size": "0.01172210",
      "side": "sell"
    },
    {
      "time": "2021-08-06T15:50:25.722577Z",
      "trade_id": 199703015,
      "price": "41842.46000000",
      "size": "0.00245907",
      "side": "sell"
    },
    {
      "time": "2021-08-06T15:50:25.564764Z",
      "trade_id": 199703014,
      "price": "41850.02000000",
      "size": "1.04098451",
      "side": "buy"
    },
    {
      "time": "2021-08-06T15:50:25.522264Z",
      "trade_id": 199703013,
      "price": "41850.02000000",
      "size": "0.00600000",
      "side": "buy"
    },
    {
      "time": "2021-08-06T15:50:25.364678Z",
      "trade_id": 199703012,
      "price": "41850.03000000",
      "size": "0.00044042",
      "side": "sell"
    },
    {
      "time": "2021-08-06T15:50:25.041983Z",
      "trade_id": 199703011,
      "price": "41850.03000000",
      "size": "0.00118879",
      "side": "sell"
    },
    {
      "time": "2021-08-06T15:50:24.685551Z",
      "trade_id": 199703010,
      "price": "41850.02000000",
      "size": "0.12070804",
      "side": "buy"
    },
    {
      "time": "2021-08-06T15:50:24.086576Z",
      "trade_id": 199703009,
      "price": "41850.02000000",
      "size": "0.02277369",
      "side": "buy"
    },
    {
      "time": "2021-08-06T15:50:24.086576Z",
      "trade_id": 199703008,
      "price": "41850.02000000",
      "size": "0.02689935",
      "side": "buy"
    },
    {
      "time": "2021-08-06T15:50:23.968386Z",
      "trade_id": 199703007,
      "price": "41847.88000000",
      "size": "0.20544958",
      "side": "buy"
    },
    {
      "time": "2021-08-06T15:50:23.968386Z",
      "trade_id": 199703006,
      "price": "41848.32000000",
      "size": "0.02030570",
      "side": "buy"
    },
    {
      "time": "2021-08-06T15:50:23.968386Z",
      "trade_id": 199703005,
      "price": "41849.99000000",
      "size": "0.35858227",
      "side": "buy"
    },
    {
      "time": "2021-08-06T15:50:23.968386Z",
      "trade_id": 199703004,
      "price": "41849.99000000",
      "size": "0.05812562",
      "side": "buy"
    },
    {
      "time": "2021-08-06T15:50:23.968386Z",
      "trade_id": 199703003,
      "price": "41849.99000000",
      "size": "0.00638355",
      "side": "buy"
    },
    {
      "time": "2021-08-06T15:50:23.968386Z",
      "trade_id": 199703002,
      "price": "41849.99000000",
      "size": "0.17760000",
      "side": "buy"
    },
    {
      "time": "2021-08-06T15:50:23.968386Z",
      "trade_id": 199703001,
      "price": "41850.00000000",
      "size": "1.20000000",
      "side": "buy"
    },
    {
      "time": "2021-08-06T15:50:23.968386Z",
      "trade_id": 199703000,
      "price": "41850.02000000",
      "size": "0.00665376",
      "side": "buy"
    },
    {
      "time": "2021-08-06T15:50:23.968386Z",
      "trade_id": 199702999,
      "price": "41850.02000000",
      "size": "0.05494659",
      "side": "buy"
    },
    {
      "time": "2021-08-06T15:50:23.968386Z",
      "trade_id": 199702998,
      "price": "41850.02000000",
      "size": "0.05827179",
      "side": "buy"
    },
    {
      "time": "2021-08-06T15:50:23.968386Z",
      "trade_id": 199702997,
      "price": "41850.02000000",
      "size": "1.20000000",
      "side": "buy"
    },
    {
      "time": "2021-08-06T15:50:23.968386Z",
      "trade_id": 199702996,
      "price": "41850.02000000",
      "size": "0.10000000",
      "side": "buy"
    },
    {
      "time": "2021-08-06T15:50:23.968386Z",
      "trade_id": 199702995,
      "price": "41850.02000000",
      "size": "0.17760000",
      "side": "buy"
    },
    {
      "time": "2021-08-06T15:50:23.886732Z",
      "trade_id": 199702994,
      "price": "41850.03000000",
      "size": "0.00053487",
      "side": "sell"
    },
    {
      "time": "2021-08-06T15:50:23.886732Z",
      "trade_id": 199702993,
      "price": "41850.00000000",
      "size": "0.00002454",
      "side": "sell"
    },
    {
      "time": "2021-08-06T15:50:23.460729Z",
      "trade_id": 199702992,
      "price": "41850.00000000",
      "size": "0.46220000",
      "side": "sell"
    },
    {
      "time": "2021-08-06T15:50:23.456471Z",
      "trade_id": 199702991,
      "price": "41850.00000000",
      "size": "0.10000000",
      "side": "sell"
    },
    {
      "time": "2021-08-06T15:50:23.452129Z",
      "trade_id": 199702990,
      "price": "41850.00000000",
      "size": "0.83310000",
      "side": "sell"
    },
    {
      "time": "2021-08-06T15:50:23.236832Z",
      "trade_id": 199702989,
      "price": "41843.57000000",
      "size": "0.08465873",
      "side": "sell"
    },
    {
      "time": "2021-08-06T15:50:23.236832Z",
      "trade_id": 199702988,
      "price": "41843.57000000",
      "size": "0.03362934",
      "side": "sell"
    },
    {
      "time": "2021-08-06T15:50:23.203687Z",
      "trade_id": 199702987,
      "price": "41843.56000000",
      "size": "0.00029600",
      "side": "buy"
    },
    {
      "time": "2021-08-06T15:50:23.14385Z",
      "trade_id": 199702986,
      "price": "41843.57000000",
      "size": "0.00237066",
      "side": "sell"
    },
    {
      "time": "2021-08-06T15:50:21.408171Z",
      "trade_id": 199702985,
      "price": "41842.06000000",
      "size": "0.00665789",
      "side": "sell"
    },
    {
      "time": "2021-08-06T15:50:21.395302Z",
      "trade_id": 199702984,
      "price": "41842.06000000",
      "size": "0.00055941",
      "side": "sell"
    },
    {
      "time": "2021-08-06T15:50:21.35931Z",
      "trade_id": 199702983,
      "price": "41839.55000000",
      "size": "0.00122562",
      "side": "buy"
    },
    {
      "time": "2021-08-06T15:50:21.081751Z",
      "trade_id": 199702982,
      "price": "41849.96000000",
      "size": "0.95379185",
      "side": "buy"
    },
    {
      "time": "2021-08-06T15:50:21.033768Z",
      "trade_id": 199702981,
      "price": "41849.96000000",
      "size": "0.09730760",
      "side": "buy"
    },
    {
      "time": "2021-08-06T15:50:21.013326Z",
      "trade_id": 199702980,
      "price": "41849.96000000",
      "size": "0.10852898",
      "side": "buy"
    },
    {
      "time": "2021-08-06T15:50:21.006257Z",
      "trade_id": 199702979,
      "price": "41849.96000000",
      "size": "0.09515501",
      "side": "buy"
    },
    {
      "time": "2021-08-06T15:50:20.985667Z",
      "trade_id": 199702978,
      "price": "41849.96000000",
      "size": "0.22000000",
      "side": "buy"
    },
    {
      "time": "2021-08-06T15:50:20.982391Z",
      "trade_id": 199702977,
      "price": "41849.96000000",
      "size": "0.02521656",
      "side": "buy"
    },
    {
      "time": "2021-08-06T15:50:20.982391Z",
      "trade_id": 199702976,
      "price": "41849.99000000",
      "size": "0.04698344",
      "side": "buy"
    },
    {
      "time": "2021-08-06T15:50:20.937667Z",
      "trade_id": 199702975,
      "price": "41849.99000000",
      "size": "0.00222049",
      "side": "buy"
    },
    {
      "time": "2021-08-06T15:50:20.937667Z",
      "trade_id": 199702974,
      "price": "41849.99000000",
      "size": "0.00202946",
      "side": "buy"
    },
    {
      "time": "2021-08-06T15:50:20.68885Z",
      "trade_id": 199702973,
      "price": "41850.00000000",
      "size": "0.00071405",
      "side": "sell"
    },
    {
      "time": "2021-08-06T15:50:20.168133Z",
      "trade_id": 199702972,
      "price": "41849.99000000",
      "size": "0.00260364",
      "side": "buy"
    },
    {
      "time": "2021-08-06T15:50:20.076919Z",
      "trade_id": 199702971,
      "price": "41849.99000000",
      "size": "0.00267206",
      "side": "buy"
    },
    {
      "time": "2021-08-06T15:50:19.863302Z",
      "trade_id": 199702970,
      "price": "41849.99000000",
      "size": "0.00857137",
      "side": "buy"
    },
    {
      "time": "2021-08-06T15:50:19.616125Z",
      "trade_id": 199702969,
      "price": "41846.79000000",
      "size": "0.06915533",
      "side": "buy"
    },
    {
      "time": "2021-08-06T15:50:19.616125Z",
      "trade_id": 199702968,
      "price": "41847.28000000",
      "size": "0.00591584",
      "side": "buy"
    },
    {
      "time": "2021-08-06T15:50:19.616125Z",
      "trade_id": 199702967,
      "price": "41847.61000000",
      "size": "0.26000000",
      "side": "buy"
    },
    {
      "time": "2021-08-06T15:50:19.616125Z",
      "trade_id": 199702966,
      "price": "41847.92000000",
      "size": "0.17560000",
      "side": "buy"
    },
    {
      "time": "2021-08-06T15:50:19.616125Z",
      "trade_id": 199702965,
      "price": "41848.72000000",
      "size": "0.17560000",
      "side": "buy"
    },
    {
      "time": "2021-08-06T15:50:19.616125Z",
      "trade_id": 199702964,
      "price": "41848.92000000",
      "size": "0.00700977",
      "side": "buy"
    },
    {
      "time": "2021-08-06T15:50:19.616125Z",
      "trade_id": 199702963,
      "price": "41849.99000000",
      "size": "0.10000000",
      "side": "buy"
    },
    {
      "time": "2021-08-06T15:50:19.616125Z",
      "trade_id": 199702962,
      "price": "41849.99000000",
      "size": "0.00139155",
      "side": "buy"
    },
    {
      "time": "2021-08-06T15:50:19.616125Z",
      "trade_id": 199702961,
      "price": "41849.99000000",
      "size": "0.04673378",
      "side": "buy"
    },
    {
      "time": "2021-08-06T15:50:19.616125Z",
      "trade_id": 199702960,
      "price": "41849.99000000",
      "size": "0.18326099",
      "side": "buy"
    },
    {
      "time": "2021-08-06T15:50:19.616125Z",
      "trade_id": 199702959,
      "price": "41849.99000000",
      "size": "0.10000000",
      "side": "buy"
    },
    {
      "time": "2021-08-06T15:50:19.462934Z",
      "trade_id": 199702958,
      "price": "41850.00000000",
      "size": "0.00228790",
      "side": "sell"
    },
    {
      "time": "2021-08-06T15:50:19.236013Z",
      "trade_id": 199702957,
      "price": "41850.00000000",
      "size": "0.02344306",
      "side": "sell"
    },
    {
      "time": "2021-08-06T15:50:19.223261Z",
      "trade_id": 199702956,
      "price": "41850.00000000",
      "size": "0.00085678",
      "side": "sell"
    },
    {
      "time": "2021-08-06T15:50:18.861206Z",
      "trade_id": 199702955,
      "price": "41850.00000000",
      "size": "1.36311095",
      "side": "sell"
    },
    {
      "time": "2021-08-06T15:50:18.861206Z",
      "trade_id": 199702954,
      "price": "41847.28000000",
      "size": "0.04600000",
      "side": "sell"
    },
    {
      "time": "2021-08-06T15:50:18.861206Z",
      "trade_id": 199702953,
      "price": "41846.87000000",
      "size": "0.35869906",
      "side": "sell"
    },
    {
      "time": "2021-08-06T15:50:18.861206Z",
      "trade_id": 199702952,
      "price": "41844.55000000",
      "size": "0.35871887",
      "side": "sell"
    },
    {
      "time": "2021-08-06T15:50:18.861206Z",
      "trade_id": 199702951,
      "price": "41843.65000000",
      "size": "0.47822257",
      "side": "sell"
    },
    {
      "time": "2021-08-06T15:50:18.784552Z",
      "trade_id": 199702950,
      "price": "41843.63000000",
      "size": "0.20000000",
      "side": "sell"
    },
    {
      "time": "2021-08-06T15:50:18.784552Z",
      "trade_id": 199702949,
      "price": "41839.08000000",
      "size": "0.23909112",
      "side": "sell"
    },
    {
      "time": "2021-08-06T15:50:18.641425Z",
      "trade_id": 199702948,
      "price": "41828.76000000",
      "size": "0.00370430",
      "side": "sell"
    },
    {
      "time": "2021-08-06T15:50:18.605444Z",
      "trade_id": 199702947,
      "price": "41827.23000000",
      "size": "0.03016813",
      "side": "sell"
    },
    {
      "time": "2021-08-06T15:50:18.597958Z",
      "trade_id": 199702946,
      "price": "41827.23000000",
      "size": "0.03016813",
      "side": "sell"
    },
    {
      "time": "2021-08-06T15:50:18.50166Z",
      "trade_id": 199702945,
      "price": "41827.23000000",
      "size": "0.04200000",
      "side": "sell"
    },
    {
      "time": "2021-08-06T15:50:18.45968Z",
      "trade_id": 199702944,
      "price": "41827.20000000",
      "size": "0.04200000",
      "side": "sell"
    },
    {
      "time": "2021-08-06T15:50:18.361479Z",
      "trade_id": 199702943,
      "price": "41823.59000000",
      "size": "0.00104335",
      "side": "sell"
    },
    {
      "time": "2021-08-06T15:50:18.361479Z",
      "trade_id": 199702942,
      "price": "41821.73000000",
      "size": "0.00009894",
      "side": "sell"
    },
    {
      "time": "2021-08-06T15:50:18.351754Z",
      "trade_id": 199702941,
      "price": "41821.73000000",
      "size": "0.03430000",
      "side": "sell"
    },
    {
      "time": "2021-08-06T15:50:18.327907Z",
      "trade_id": 199702940,
      "price": "41819.20000000",
      "size": "0.23800778",
      "side": "sell"
    },
    {
      "time": "2021-08-06T15:50:18.319999Z",
      "trade_id": 199702939,
      "price": "41818.77000000",
      "size": "0.26000000",
      "side": "sell"
    },
    {
      "time": "2021-08-06T15:50:18.171107Z",
      "trade_id": 199702938,
      "price": "41819.20000000",
      "size": "0.00118350",
      "side": "sell"
    },
    {
      "time": "2021-08-06T15:50:17.659024Z",
      "trade_id": 199702937,
      "price": "41819.19000000",
      "size": "0.00114228",
      "side": "sell"
    },
    {
      "time": "2021-08-06T15:50:17.387335Z",
      "trade_id": 199702936,
      "price": "41812.92000000",
      "size": "0.00197060",
      "side": "buy"
    },
    {
      "time": "2021-08-06T15:50:16.627853Z",
      "trade_id": 199702935,
      "price": "41811.78000000",
      "size": "0.04806756",
      "side": "buy"
    },
    {
      "time": "2021-08-06T15:50:15.620172Z",
      "trade_id": 199702934,
      "price": "41821.21000000",
      "size": "0.00228791",
      "side": "sell"
    },
    {
      "time": "2021-08-06T15:50:15.443584Z",
      "trade_id": 199702933,
      "price": "41821.22000000",
      "size": "0.00055929",
      "side": "sell"
    },
    {
      "time": "2021-08-06T15:50:15.31078Z",
      "trade_id": 199702932,
      "price": "41814.75000000",
      "size": "0.00021500",
      "side": "buy"
    },
    {
      "time": "2021-08-06T15:50:15.022032Z",
      "trade_id": 199702931,
      "price": "41821.31000000",
      "size": "0.00114226",
      "side": "sell"
    },
    {
      "time": "2021-08-06T15:50:13.789898Z",
      "trade_id": 199702930,
      "price": "41822.90000000",
      "size": "0.00174779",
      "side": "sell"
    },
    {
      "time": "2021-08-06T15:50:13.789898Z",
      "trade_id": 199702929,
      "price": "41816.91000000",
      "size": "0.00054012",
      "side": "sell"
    },
    {
      "time": "2021-08-06T15:50:13.758978Z",
      "trade_id": 199702928,
      "price": "41815.50000000",
      "size": "0.00014100",
      "side": "buy"
    },
    {
      "time": "2021-08-06T15:50:13.341832Z",
      "trade_id": 199702927,
      "price": "41816.90000000",
      "size": "0.01130978",
      "side": "buy"
    },
    {
      "time": "2021-08-06T15:50:12.278547Z",
      "trade_id": 199702926,
      "price": "41816.90000000",
      "size": "0.19707762",
      "side": "buy"
    },
    {
      "time": "2021-08-06T15:50:11.992308Z",
      "trade_id": 199702925,
      "price": "41817.18000000",
      "size": "0.00394141",
      "side": "buy"
    },
    {
      "time": "2021-08-06T15:50:11.888433Z",
      "trade_id": 199702924,
      "price": "41823.66000000",
      "size": "0.01511790",
      "side": "sell"
    },
    {
      "time": "2021-08-06T15:50:11.888433Z",
      "trade_id": 199702923,
      "price": "41820.74000000",
      "size": "0.00077309",
      "side": "sell"
    },
    {
      "time": "2021-08-06T15:50:11.888433Z",
      "trade_id": 199702922,
      "price": "41820.74000000",
      "size": "0.00362503",
      "side": "sell"
    },
    {
      "time": "2021-08-06T15:50:11.888433Z",
      "trade_id": 199702921,
      "price": "41819.48000000",
      "size": "0.09758645",
      "side": "sell"
    },
    {
      "time": "2021-08-06T15:50:11.888433Z",
      "trade_id": 199702920,
      "price": "41819.25000000",
      "size": "0.09809586",
      "side": "sell"
    },
    {
      "time": "2021-08-06T15:50:11.888433Z",
      "trade_id": 199702919,
      "price": "41819.24000000",
      "size": "0.10000000",
      "side": "sell"
    },
    {
      "time": "2021-08-06T15:50:11.132762Z",
      "trade_id": 199702918,
      "price": "41820.02000000",
      "size": "0.00468863",
      "side": "sell"
    },
    {
      "time": "2021-08-06T15:50:11.05852Z",
      "trade_id": 199702917,
      "price": "41817.52000000",
      "size": "0.00839003",
      "side": "buy"
    },
    {
      "time": "2021-08-06T15:50:10.595538Z",
      "trade_id": 199702916,
      "price": "41820.73000000",
      "size": "0.00463076",
      "side": "buy"
    },
    {
      "time": "2021-08-06T15:50:10.595538Z",
      "trade_id": 199702915,
      "price": "41820.73000000",
      "size": "0.00049986",
      "side": "buy"
    },
    {
      "time": "2021-08-06T15:50:10.591383Z",
      "trade_id": 199702914,
      "price": "41820.73000000",
      "size": "0.00012300",
      "side": "buy"
    },
    {
      "time": "2021-08-06T15:50:09.705367Z",
      "trade_id": 199702913,
      "price": "41823.47000000",
      "size": "0.00047724",
      "side": "sell"
    },
    {
      "time": "2021-08-06T15:50:09.701241Z",
      "trade_id": 199702912,
      "price": "41823.47000000",
      "size": "0.01172164",
      "side": "sell"
    },
    {
      "time": "2021-08-06T15:50:09.57774Z",
      "trade_id": 199702911,
      "price": "41820.74000000",
      "size": "0.04827260",
      "side": "sell"
    },
    {
      "time": "2021-08-06T15:50:09.57774Z",
      "trade_id": 199702910,
      "price": "41820.74000000",
      "size": "0.02403978",
      "side": "sell"
    },
    {
      "time": "2021-08-06T15:50:09.57774Z",
      "trade_id": 199702909,
      "price": "41820.74000000",
      "size": "0.00539483",
      "side": "sell"
    },
    {
      "time": "2021-08-06T15:50:09.57774Z",
      "trade_id": 199702908,
      "price": "41820.74000000",
      "size": "0.10000000",
      "side": "sell"
    },
    {
      "time": "2021-08-06T15:50:09.57774Z",
      "trade_id": 199702907,
      "price": "41820.74000000",
      "size": "0.00983123",
      "side": "sell"
    },
    {
      "time": "2021-08-06T15:50:09.438141Z",
      "trade_id": 199702906,
      "price": "41820.73000000",
      "size": "0.00807482",
      "side": "buy"
    },
    {
      "time": "2021-08-06T15:50:09.42713Z",
      "trade_id": 199702905,
      "price": "41820.74000000",
      "size": "0.01469584",
      "side": "sell"
    },
    {
      "time": "2021-08-06T15:50:09.351219Z",
      "trade_id": 199702904,
      "price": "41820.74000000",
      "size": "0.00021437",
      "side": "sell"
    },
    {
      "time": "2021-08-06T15:50:08.69648Z",
      "trade_id": 199702903,
      "price": "41820.74000000",
      "size": "0.04470000",
      "side": "sell"
    },
    {
      "time": "2021-08-06T15:50:08.69648Z",
      "trade_id": 199702902,
      "price": "41820.74000000",
      "size": "0.00530000",
      "side": "sell"
    },
    {
      "time": "2021-08-06T15:50:08.116327Z",
      "trade_id": 199702901,
      "price": "41820.73000000",
      "size": "0.00361200",
      "side": "buy"
    },
    {
      "time": "2021-08-06T15:50:07.248343Z",
      "trade_id": 199702900,
      "price": "41820.73000000",
      "size": "0.00012248",
      "side": "buy"
    },
    {
      "time": "2021-08-06T15:50:07.049721Z",
      "trade_id": 199702899,
      "price": "41820.73000000",
      "size": "0.00456784",
      "side": "buy"
    },
    {
      "time": "2021-08-06T15:50:06.230741Z",
      "trade_id": 199702898,
      "price": "41820.73000000",
      "size": "0.00181655",
      "side": "buy"
    },
    {
      "time": "2021-08-06T15:50:04.759737Z",
      "trade_id": 199702897,
      "price": "41817.28000000",
      "size": "0.02271139",
      "side": "buy"
    },
    {
      "time": "2021-08-06T15:50:04.759737Z",
      "trade_id": 199702896,
      "price": "41817.54000000",
      "size": "0.00618073",
      "side": "buy"
    },
    {
      "time": "2021-08-06T15:50:04.759737Z",
      "trade_id": 199702895,
      "price": "41818.07000000",
      "size": "0.01782000",
      "side": "buy"
    },
    {
      "time": "2021-08-06T15:50:04.759737Z",
      "trade_id": 199702894,
      "price": "41818.07000000",
      "size": "0.01796095",
      "side": "buy"
    },
    {
      "time": "2021-08-06T15:50:04.277557Z",
      "trade_id": 199702893,
      "price": "41819.48000000",
      "size": "0.00238764",
      "side": "sell"
    },
    {
      "time": "2021-08-06T15:50:04.228343Z",
      "trade_id": 199702892,
      "price": "41820.32000000",
      "size": "0.01798716",
      "side": "buy"
    },
    {
      "time": "2021-08-06T15:50:04.228343Z",
      "trade_id": 199702891,
      "price": "41820.95000000",
      "size": "0.02598328",
      "side": "buy"
    },
    {
      "time": "2021-08-06T15:50:04.228343Z",
      "trade_id": 199702890,
      "price": "41821.74000000",
      "size": "0.00662824",
      "side": "buy"
    },
    {
      "time": "2021-08-06T15:50:03.848671Z",
      "trade_id": 199702889,
      "price": "41834.81000000",
      "size": "0.97335766",
      "side": "sell"
    },
    {
      "time": "2021-08-06T15:50:03.848671Z",
      "trade_id": 199702888,
      "price": "41833.11000000",
      "size": "0.01985137",
      "side": "sell"
    },
    {
      "time": "2021-08-06T15:50:03.848671Z",
      "trade_id": 199702887,
      "price": "41832.32000000",
      "size": "0.05819730",
      "side": "sell"
    },
    {
      "time": "2021-08-06T15:50:03.848671Z",
      "trade_id": 199702886,
      "price": "41831.95000000",
      "size": "0.11352501",
      "side": "sell"
    },
    {
      "time": "2021-08-06T15:50:03.848671Z",
      "trade_id": 199702885,
      "price": "41831.09000000",
      "size": "0.10000000",
      "side": "sell"
    },
    {
      "time": "2021-08-06T15:50:03.848671Z",
      "trade_id": 199702884,
      "price": "41830.52000000",
      "size": "0.00590868",
      "side": "sell"
    },
    {
      "time": "2021-08-06T15:50:03.848671Z",
      "trade_id": 199702883,
      "price": "41830.20000000",
      "size": "0.03639477",
      "side": "sell"
    },
    {
      "time": "2021-08-06T15:50:03.848671Z",
      "trade_id": 199702882,
      "price": "41830.19000000",
      "size": "0.05796789",
      "side": "sell"
    },
    {
      "time": "2021-08-06T15:50:03.848671Z",
      "trade_id": 199702881,
      "price": "41826.54000000",
      "size": "0.04965523",
      "side": "sell"
    },
    {
      "time": "2021-08-06T15:50:03.848671Z",
      "trade_id": 199702880,
      "price": "41824.13000000",
      "size": "0.04315798",
      "side": "sell"
    },
    {
      "time": "2021-08-06T15:50:03.848671Z",
      "trade_id": 199702879,
      "price": "41823.58000000",
      "size": "0.17570000",
      "side": "sell"
    },
    {
      "time": "2021-08-06T15:50:03.848671Z",
      "trade_id": 199702878,
      "price": "41823.41000000",
      "size": "0.23917959",
      "side": "sell"
    },
    {
      "time": "2021-08-06T15:50:03.848671Z",
      "trade_id": 199702877,
      "price": "41822.89000000",
      "size": "0.17570000",
      "side": "sell"
    },
    {
      "time": "2021-08-06T15:50:03.848671Z",
      "trade_id": 199702876,
      "price": "41822.37000000",
      "size": "0.05000000",
      "side": "sell"
    },
    {
      "time": "2021-08-06T15:50:03.848671Z",
      "trade_id": 199702875,
      "price": "41822.17000000",
      "size": "0.17570000",
      "side": "sell"
    },
    {
      "time": "2021-08-06T15:50:03.848671Z",
      "trade_id": 199702874,
      "price": "41821.85000000",
      "size": "0.26000000",
      "side": "sell"
    },
    {
      "time": "2021-08-06T15:50:03.848671Z",
      "trade_id": 199702873,
      "price": "41821.19000000",
      "size": "0.03093348",
      "side": "sell"
    },
    {
      "time": "2021-08-06T15:50:03.848671Z",
      "trade_id": 199702872,
      "price": "41820.52000000",
      "size": "0.00715324",
      "side": "sell"
    },
    {
      "time": "2021-08-06T15:50:03.848671Z",
      "trade_id": 199702871,
      "price": "41818.60000000",
      "size": "0.02915445",
      "side": "sell"
    },
    {
      "time": "2021-08-06T15:50:03.848671Z",
      "trade_id": 199702870,
      "price": "41818.60000000",
      "size": "0.00388280",
      "side": "sell"
    },
    {
      "time": "2021-08-06T15:50:03.718473Z",
      "trade_id": 199702869,
      "price": "41818.60000000",
      "size": "0.00182047",
      "side": "sell"
    },
    {
      "time": "2021-08-06T15:50:03.440427Z",
      "trade_id": 199702868,
      "price": "41818.59000000",
      "size": "0.00186100",
      "side": "buy"
    },
    {
      "time": "2021-08-06T15:50:03.375655Z",
      "trade_id": 199702867,
      "price": "41820.52000000",
      "size": "0.00021446",
      "side": "sell"
    },
    {
      "time": "2021-08-06T15:50:03.048042Z",
      "trade_id": 199702866,
      "price": "41818.59000000",
      "size": "0.00047800",
      "side": "buy"
    },
    {
      "time": "2021-08-06T15:50:02.947059Z",
      "trade_id": 199702865,
      "price": "41819.91000000",
      "size": "0.00389065",
      "side": "sell"
    },
    {
      "time": "2021-08-06T15:50:02.784345Z",
      "trade_id": 199702864,
      "price": "41818.07000000",
      "size": "0.00101619",
      "side": "buy"
    },
    {
      "time": "2021-08-06T15:50:02.7364Z",
      "trade_id": 199702863,
      "price": "41818.08000000",
      "size": "0.00044039",
      "side": "sell"
    },
    {
      "time": "2021-08-06T15:50:01.869061Z",
      "trade_id": 199702862,
      "price": "41818.08000000",
      "size": "0.02382969",
      "side": "sell"
    },
    {
      "time": "2021-08-06T15:50:01.36533Z",
      "trade_id": 199702861,
      "price": "41818.08000000",
      "size": "0.00400685",
      "side": "sell"
    },
    {
      "time": "2021-08-06T15:49:59.341959Z",
      "trade_id": 199702860,
      "price": "41818.08000000",
      "size": "0.00937700",
      "side": "sell"
    },
    {
      "time": "2021-08-06T15:49:59.256525Z",
      "trade_id": 199702859,
      "price": "41818.07000000",
      "size": "0.00180286",
      "side": "buy"
    },
    {
      "time": "2021-08-06T15:49:59.144109Z",
      "trade_id": 199702858,
      "price": "41818.07000000",
      "size": "0.02439303",
      "side": "buy"
    },
    {
      "time": "2021-08-06T15:49:58.63129Z",
      "trade_id": 199702857,
      "price": "41818.07000000",
      "size": "0.00231545",
      "side": "buy"
    },
    {
      "time": "2021-08-06T15:49:57.627311Z",
      "trade_id": 199702856,
      "price": "41817.19000000",
      "size": "0.00214038",
      "side": "buy"
    },
    {
      "time": "2021-08-06T15:49:57.56912Z",
      "trade_id": 199702855,
      "price": "41817.20000000",
      "size": "0.00329544",
      "side": "sell"
    },
    {
      "time": "2021-08-06T15:49:57.457548Z",
      "trade_id": 199702854,
      "price": "41808.99000000",
      "size": "0.05000000",
      "side": "sell"
    },
    {
      "time": "2021-08-06T15:49:57.420954Z",
      "trade_id": 199702853,
      "price": "41804.79000000",
      "size": "0.00008382",
      "side": "sell"
    },
    {
      "time": "2021-08-06T15:49:57.405594Z",
      "trade_id": 199702852,
      "price": "41804.79000000",
      "size": "0.07720000",
      "side": "sell"
    },
    {
      "time": "2021-08-06T15:49:57.397359Z",
      "trade_id": 199702851,
      "price": "41804.79000000",
      "size": "0.16200000",
      "side": "sell"
    },
    {
      "time": "2021-08-06T15:49:56.58834Z",
      "trade_id": 199702850,
      "price": "41796.22000000",
      "size": "0.02730332",
      "side": "buy"
    },
    {
      "time": "2021-08-06T15:49:56.58834Z",
      "trade_id": 199702849,
      "price": "41796.48000000",
      "size": "0.02662259",
      "side": "buy"
    },
    {
      "time": "2021-08-06T15:49:55.334245Z",
      "trade_id": 199702848,
      "price": "41796.48000000",
      "size": "0.01172412",
      "side": "buy"
    },
    {
      "time": "2021-08-06T15:49:54.723796Z",
      "trade_id": 199702847,
      "price": "41807.45000000",
      "size": "0.10026004",
      "side": "sell"
    },
    {
      "time": "2021-08-06T15:49:54.250139Z",
      "trade_id": 199702846,
      "price": "41809.07000000",
      "size": "0.00055931",
      "side": "sell"
    },
    {
      "time": "2021-08-06T15:49:54.135693Z",
      "trade_id": 199702845,
      "price": "41803.35000000",
      "size": "0.01169745",
      "side": "sell"
    },
    {
      "time": "2021-08-06T15:49:54.135693Z",
      "trade_id": 199702844,
      "price": "41799.92000000",
      "size": "0.00002069",
      "side": "sell"
    },
    {
      "time": "2021-08-06T15:49:53.956023Z",
      "trade_id": 199702843,
      "price": "41796.41000000",
      "size": "0.38800000",
      "side": "buy"
    },
    {
      "time": "2021-08-06T15:49:53.956023Z",
      "trade_id": 199702842,
      "price": "41797.17000000",
      "size": "0.17580000",
      "side": "buy"
    },
    {
      "time": "2021-08-06T15:49:53.956023Z",
      "trade_id": 199702841,
      "price": "41797.18000000",
      "size": "0.40000000",
      "side": "buy"
    },
    {
      "time": "2021-08-06T15:49:53.956023Z",
      "trade_id": 199702840,
      "price": "41797.34000000",
      "size": "0.00603497",
      "side": "buy"
    },
    {
      "time": "2021-08-06T15:49:53.956023Z",
      "trade_id": 199702839,
      "price": "41797.96000000",
      "size": "0.04804464",
      "side": "buy"
    },
    {
      "time": "2021-08-06T15:49:53.956023Z",
      "trade_id": 199702838,
      "price": "41797.97000000",
      "size": "0.03922565",
      "side": "buy"
    },
    {
      "time": "2021-08-06T15:49:53.956023Z",
      "trade_id": 199702837,
      "price": "41797.97000000",
      "size": "1.20000000",
      "side": "buy"
    },
    {
      "time": "2021-08-06T15:49:53.956023Z",
      "trade_id": 199702836,
      "price": "41798.32000000",
      "size": "0.17580000",
      "side": "buy"
    },
    {
      "time": "2021-08-06T15:49:53.956023Z",
      "trade_id": 199702835,
      "price": "41799.12000000",
      "size": "0.17580000",
      "side": "buy"
    },
    {
      "time": "2021-08-06T15:49:53.956023Z",
      "trade_id": 199702834,
      "price": "41799.91000000",
      "size": "0.35900193",
      "side": "buy"
    },
    {
      "time": "2021-08-06T15:49:53.956023Z",
      "trade_id": 199702833,
      "price": "41799.91000000",
      "size": "0.26000000",
      "side": "buy"
    },
    {
      "time": "2021-08-06T15:49:53.956023Z",
      "trade_id": 199702832,
      "price": "41799.91000000",
      "size": "0.04625838",
      "side": "buy"
    },
    {
      "time": "2021-08-06T15:49:53.956023Z",
      "trade_id": 199702831,
      "price": "41799.91000000",
      "size": "1.20000000",
      "side": "buy"
    },
    {
      "time": "2021-08-06T15:49:53.956023Z",
      "trade_id": 199702830,
      "price": "41799.91000000",
      "size": "0.10000000",
      "side": "buy"
    },
    {
      "time": "2021-08-06T15:49:53.956023Z",
      "trade_id": 199702829,
      "price": "41799.91000000",
      "size": "0.10000000",
      "side": "buy"
    },
    {
      "time": "2021-08-06T15:49:53.956023Z",
      "trade_id": 199702828,
      "price": "41799.91000000",
      "size": "0.17760000",
      "side": "buy"
    },
    {
      "time": "2021-08-06T15:49:53.313773Z",
      "trade_id": 199702827,
      "price": "41799.92000000",
      "size": "0.04690000",
      "side": "sell"
    },
    {
      "time": "2021-08-06T15:49:53.140245Z",
      "trade_id": 199702826,
      "price": "41799.92000000",
      "size": "0.00140463",
      "side": "sell"
    },
    {
      "time": "2021-08-06T15:49:53.124183Z",
      "trade_id": 199702825,
      "price": "41799.92000000",
      "size": "0.00230512",
      "side": "sell"
    },
    {
      "time": "2021-08-06T15:49:53.124183Z",
      "trade_id": 199702824,
      "price": "41797.97000000",
      "size": "0.00007797",
      "side": "sell"
    },
    {
      "time": "2021-08-06T15:49:52.964591Z",
      "trade_id": 199702823,
      "price": "41797.97000000",
      "size": "0.05740000",
      "side": "sell"
    },
    {
      "time": "2021-08-06T15:49:52.775717Z",
      "trade_id": 199702822,
      "price": "41797.96000000",
      "size": "0.05000000",
      "side": "buy"
    },
    {
      "time": "2021-08-06T15:49:52.712858Z",
      "trade_id": 199702821,
      "price": "41797.97000000",
      "size": "0.00686568",
      "side": "sell"
    },
    {
      "time": "2021-08-06T15:49:52.398783Z",
      "trade_id": 199702820,
      "price": "41797.97000000",
      "size": "0.00401898",
      "side": "sell"
    },
    {
      "time": "2021-08-06T15:49:51.620234Z",
      "trade_id": 199702819,
      "price": "41799.19000000",
      "size": "0.14415232",
      "side": "buy"
    },
    {
      "time": "2021-08-06T15:49:51.432228Z",
      "trade_id": 199702818,
      "price": "41799.20000000",
      "size": "0.49763145",
      "side": "buy"
    },
    {
      "time": "2021-08-06T15:49:51.432228Z",
      "trade_id": 199702817,
      "price": "41800.00000000",
      "size": "0.01900000",
      "side": "buy"
    },
    {
      "time": "2021-08-06T15:49:51.432228Z",
      "trade_id": 199702816,
      "price": "41807.49000000",
      "size": "0.04902490",
      "side": "buy"
    },
    {
      "time": "2021-08-06T15:49:51.087087Z",
      "trade_id": 199702815,
      "price": "41809.61000000",
      "size": "0.00006975",
      "side": "buy"
    },
    {
      "time": "2021-08-06T15:49:51.049606Z",
      "trade_id": 199702814,
      "price": "41809.61000000",
      "size": "0.04190000",
      "side": "buy"
    },
    {
      "time": "2021-08-06T15:49:50.519769Z",
      "trade_id": 199702813,
      "price": "41814.23000000",
      "size": "0.00305142",
      "side": "buy"
    },
    {
      "time": "2021-08-06T15:49:50.519769Z",
      "trade_id": 199702812,
      "price": "41815.67000000",
      "size": "0.00625144",
      "side": "buy"
    },
    {
      "time": "2021-08-06T15:49:49.956958Z",
      "trade_id": 199702811,
      "price": "41815.95000000",
      "size": "0.00297466",
      "side": "sell"
    },
    {
      "time": "2021-08-06T15:49:49.453268Z",
      "trade_id": 199702810,
      "price": "41816.83000000",
      "size": "0.01803007",
      "side": "buy"
    },
    {
      "time": "2021-08-06T15:49:49.453268Z",
      "trade_id": 199702809,
      "price": "41817.01000000",
      "size": "0.17570000",
      "side": "buy"
    },
    {
      "time": "2021-08-06T15:49:49.453268Z",
      "trade_id": 199702808,
      "price": "41817.80000000",
      "size": "0.04319778",
      "side": "buy"
    },
    {
      "time": "2021-08-06T15:49:49.453268Z",
      "trade_id": 199702807,
      "price": "41818.84000000",
      "size": "0.01881146",
      "side": "buy"
    },
    {
      "time": "2021-08-06T15:49:49.453268Z",
      "trade_id": 199702806,
      "price": "41820.21000000",
      "size": "0.00913306",
      "side": "buy"
    },
    {
      "time": "2021-08-06T15:49:48.842041Z",
      "trade_id": 199702805,
      "price": "41827.07000000",
      "size": "0.45570457",
      "side": "sell"
    },
    {
      "time": "2021-08-06T15:49:48.842041Z",
      "trade_id": 199702804,
      "price": "41825.27000000",
      "size": "0.35888615",
      "side": "sell"
    },
    {
      "time": "2021-08-06T15:49:48.842041Z",
      "trade_id": 199702803,
      "price": "41824.60000000",
      "size": "0.23917397",
      "side": "sell"
    },
    {
      "time": "2021-08-06T15:49:48.842041Z",
      "trade_id": 199702802,
      "price": "41824.57000000",
      "size": "1.20000000",
      "side": "sell"
    },
    {
      "time": "2021-08-06T15:49:48.842041Z",
      "trade_id": 199702801,
      "price": "41822.66000000",
      "size": "0.26000000",
      "side": "sell"
    },
    {
      "time": "2021-08-06T15:49:48.842041Z",
      "trade_id": 199702800,
      "price": "41821.16000000",
      "size": "0.07212145",
      "side": "sell"
    },
    {
      "time": "2021-08-06T15:49:48.842041Z",
      "trade_id": 199702799,
      "price": "41821.15000000",
      "size": "0.01881146",
      "side": "sell"
    },
    {
      "time": "2021-08-06T15:49:48.247535Z",
      "trade_id": 199702798,
      "price": "41815.68000000",
      "size": "0.00023841",
      "side": "sell"
    },
    {
      "time": "2021-08-06T15:49:47.993604Z",
      "trade_id": 199702797,
      "price": "41817.37000000",
      "size": "0.00032153",
      "side": "sell"
    },
    {
      "time": "2021-08-06T15:49:47.738326Z",
      "trade_id": 199702796,
      "price": "41817.36000000",
      "size": "0.04862170",
      "side": "buy"
    },
    {
      "time": "2021-08-06T15:49:47.738326Z",
      "trade_id": 199702795,
      "price": "41818.15000000",
      "size": "0.00062150",
      "side": "buy"
    },
    {
      "time": "2021-08-06T15:49:47.64094Z",
      "trade_id": 199702794,
      "price": "41824.58000000",
      "size": "0.00114242",
      "side": "sell"
    },
    {
      "time": "2021-08-06T15:49:47.536801Z",
      "trade_id": 199702793,
      "price": "41823.57000000",
      "size": "0.00784920",
      "side": "sell"
    },
    {
      "time": "2021-08-06T15:49:47.536801Z",
      "trade_id": 199702792,
      "price": "41823.43000000",
      "size": "0.03903747",
      "side": "sell"
    },
    {
      "time": "2021-08-06T15:49:47.487669Z",
      "trade_id": 199702791,
      "price": "41823.43000000",
      "size": "0.00190993",
      "side": "sell"
    },
    {
      "time": "2021-08-06T15:49:46.819012Z",
      "trade_id": 199702790,
      "price": "41823.57000000",
      "size": "0.01617138",
      "side": "sell"
    },
    {
      "time": "2021-08-06T15:49:46.819012Z",
      "trade_id": 199702789,
      "price": "41822.57000000",
      "size": "0.01346946",
      "side": "sell"
    },
    {
      "time": "2021-08-06T15:49:46.621841Z",
      "trade_id": 199702788,
      "price": "41822.57000000",
      "size": "0.00812607",
      "side": "sell"
    },
    {
      "time": "2021-08-06T15:49:45.759453Z",
      "trade_id": 199702787,
      "price": "41822.27000000",
      "size": "0.00022631",
      "side": "sell"
    },
    {
      "time": "2021-08-06T15:49:45.748441Z",
      "trade_id": 199702786,
      "price": "41818.14000000",
      "size": "0.00925783",
      "side": "buy"
    },
    {
      "time": "2021-08-06T15:49:45.12335Z",
      "trade_id": 199702785,
      "price": "41818.14000000",
      "size": "0.00242906",
      "side": "buy"
    },
    {
      "time": "2021-08-06T15:49:45.072462Z",
      "trade_id": 199702784,
      "price": "41821.07000000",
      "size": "0.00298444",
      "side": "sell"
    },
    {
      "time": "2021-08-06T15:49:43.817876Z",
      "trade_id": 199702783,
      "price": "41823.06000000",
      "size": "0.00341078",
      "side": "sell"
    },
    {
      "time": "2021-08-06T15:49:43.817876Z",
      "trade_id": 199702782,
      "price": "41822.34000000",
      "size": "0.00670108",
      "side": "sell"
    },
    {
      "time": "2021-08-06T15:49:43.817876Z",
      "trade_id": 199702781,
      "price": "41815.95000000",
      "size": "0.00161242",
      "side": "sell"
    },
    {
      "time": "2021-08-06T15:49:43.58764Z",
      "trade_id": 199702780,
      "price": "41815.95000000",
      "size": "0.00048812",
      "side": "sell"
    },
    {
      "time": "2021-08-06T15:49:43.550833Z",
      "trade_id": 199702779,
      "price": "41815.95000000",
      "size": "0.01219776",
      "side": "sell"
    },
    {
      "time": "2021-08-06T15:49:42.81244Z",
      "trade_id": 199702778,
      "price": "41815.95000000",
      "size": "0.00239144",
      "side": "sell"
    },
    {
      "time": "2021-08-06T15:49:42.315622Z",
      "trade_id": 199702777,
      "price": "41815.94000000",
      "size": "0.01051044",
      "side": "buy"
    },
    {
      "time": "2021-08-06T15:49:41.68998Z",
      "trade_id": 199702776,
      "price": "41815.95000000",
      "size": "0.00021443",
      "side": "sell"
    },
    {
      "time": "2021-08-06T15:49:41.483187Z",
      "trade_id": 199702775,
      "price": "41813.16000000",
      "size": "0.00235328",
      "side": "buy"
    },
    {
      "time": "2021-08-06T15:49:41.261809Z",
      "trade_id": 199702774,
      "price": "41812.30000000",
      "size": "0.20026682",
      "side": "buy"
    },
    {
      "time": "2021-08-06T15:49:41.261809Z",
      "trade_id": 199702773,
      "price": "41813.58000000",
      "size": "0.35888615",
      "side": "buy"
    },
    {
      "time": "2021-08-06T15:49:41.261809Z",
      "trade_id": 199702772,
      "price": "41813.58000000",
      "size": "0.00010000",
      "side": "buy"
    },
    {
      "time": "2021-08-06T15:49:41.261809Z",
      "trade_id": 199702771,
      "price": "41813.59000000",
      "size": "0.07024702",
      "side": "buy"
    },
    {
      "time": "2021-08-06T15:49:41.159384Z",
      "trade_id": 199702770,
      "price": "41814.48000000",
      "size": "0.00114254",
      "side": "sell"
    },
    {
      "time": "2021-08-06T15:49:40.420056Z",
      "trade_id": 199702769,
      "price": "41824.41000000",
      "size": "0.06485124",
      "side": "sell"
    },
    {
      "time": "2021-08-06T15:49:40.420056Z",
      "trade_id": 199702768,
      "price": "41816.44000000",
      "size": "0.05000000",
      "side": "sell"
    },
    {
      "time": "2021-08-06T15:49:40.420056Z",
      "trade_id": 199702767,
      "price": "41816.44000000",
      "size": "0.30719916",
      "side": "sell"
    },
    {
      "time": "2021-08-06T15:49:39.905838Z",
      "trade_id": 199702766,
      "price": "41813.59000000",
      "size": "0.00762558",
      "side": "sell"
    },
    {
      "time": "2021-08-06T15:49:39.395665Z",
      "trade_id": 199702765,
      "price": "41816.43000000",
      "size": "0.01195900",
      "side": "buy"
    },
    {
      "time": "2021-08-06T15:49:39.226144Z",
      "trade_id": 199702764,
      "price": "41816.44000000",
      "size": "0.00292936",
      "side": "sell"
    },
    {
      "time": "2021-08-06T15:49:39.056411Z",
      "trade_id": 199702763,
      "price": "41815.10000000",
      "size": "0.00277402",
      "side": "buy"
    },
    {
      "time": "2021-08-06T15:49:39.056411Z",
      "trade_id": 199702762,
      "price": "41815.75000000",
      "size": "0.00563921",
      "side": "buy"
    },
    {
      "time": "2021-08-06T15:49:38.989546Z",
      "trade_id": 199702761,
      "price": "41816.41000000",
      "size": "0.02344429",
      "side": "sell"
    },
    {
      "time": "2021-08-06T15:49:38.195238Z",
      "trade_id": 199702760,
      "price": "41816.44000000",
      "size": "0.00228799",
      "side": "sell"
    },
    {
      "time": "2021-08-06T15:49:37.432186Z",
      "trade_id": 199702759,
      "price": "41816.43000000",
      "size": "0.00130137",
      "side": "buy"
    },
    {
      "time": "2021-08-06T15:49:36.916182Z",
      "trade_id": 199702758,
      "price": "41815.60000000",
      "size": "0.00979538",
      "side": "buy"
    },
    {
      "time": "2021-08-06T15:49:36.916182Z",
      "trade_id": 199702757,
      "price": "41816.26000000",
      "size": "0.00592715",
      "side": "buy"
    },
    {
      "time": "2021-08-06T15:49:36.916182Z",
      "trade_id": 199702756,
      "price": "41816.42000000",
      "size": "0.02002305",
      "side": "buy"
    },
    {
      "time": "2021-08-06T15:49:36.916182Z",
      "trade_id": 199702755,
      "price": "41816.43000000",
      "size": "0.00300000",
      "side": "buy"
    },
    {
      "time": "2021-08-06T15:49:36.916182Z",
      "trade_id": 199702754,
      "price": "41816.43000000",
      "size": "0.01602000",
      "side": "buy"
    },
    {
      "time": "2021-08-06T15:49:36.916182Z",
      "trade_id": 199702753,
      "price": "41816.43000000",
      "size": "0.10000000",
      "side": "buy"
    },
    {
      "time": "2021-08-06T15:49:36.916182Z",
      "trade_id": 199702752,
      "price": "41816.43000000",
      "size": "0.05384066",
      "side": "buy"
    },
    {
      "time": "2021-08-06T15:49:35.972954Z",
      "trade_id": 199702751,
      "price": "41816.44000000",
      "size": "0.00286059",
      "side": "sell"
    },
    {
      "time": "2021-08-06T15:49:35.687316Z",
      "trade_id": 199702750,
      "price": "41816.43000000",
      "size": "0.17826711",
      "side": "buy"
    },
    {
      "time": "2021-08-06T15:49:35.517073Z",
      "trade_id": 199702749,
      "price": "41816.44000000",
      "size": "0.02344922",
      "side": "sell"
    },
    {
      "time": "2021-08-06T15:49:34.937498Z",
      "trade_id": 199702748,
      "price": "41816.43000000",
      "size": "0.00228978",
      "side": "sell"
    },
    {
      "time": "2021-08-06T15:49:34.911144Z",
      "trade_id": 199702747,
      "price": "41816.43000000",
      "size": "0.00128509",
      "side": "sell"
    },
    {
      "time": "2021-08-06T15:49:34.386861Z",
      "trade_id": 199702746,
      "price": "41834.78000000",
      "size": "0.02364277",
      "side": "sell"
    },
    {
      "time": "2021-08-06T15:49:34.386861Z",
      "trade_id": 199702745,
      "price": "41834.18000000",
      "size": "0.00647865",
      "side": "sell"
    },
    {
      "time": "2021-08-06T15:49:34.386861Z",
      "trade_id": 199702744,
      "price": "41831.31000000",
      "size": "0.01642636",
      "side": "sell"
    },
    {
      "time": "2021-08-06T15:49:34.386861Z",
      "trade_id": 199702743,
      "price": "41831.29000000",
      "size": "0.02051911",
      "side": "sell"
    },
    {
      "time": "2021-08-06T15:49:34.386861Z",
      "trade_id": 199702742,
      "price": "41829.88000000",
      "size": "0.00586980",
      "side": "sell"
    },
    {
      "time": "2021-08-06T15:49:34.386861Z",
      "trade_id": 199702741,
      "price": "41829.84000000",
      "size": "0.10000000",
      "side": "sell"
    },
    {
      "time": "2021-08-06T15:49:34.386861Z",
      "trade_id": 199702740,
      "price": "41829.16000000",
      "size": "0.03896527",
      "side": "sell"
    },
    {
      "time": "2021-08-06T15:49:34.386861Z",
      "trade_id": 199702739,
      "price": "41829.15000000",
      "size": "0.05803386",
      "side": "sell"
    },
    {
      "time": "2021-08-06T15:49:34.386861Z",
      "trade_id": 199702738,
      "price": "41827.09000000",
      "size": "0.47843611",
      "side": "sell"
    },
    {
      "time": "2021-08-06T15:49:34.386861Z",
      "trade_id": 199702737,
      "price": "41826.45000000",
      "size": "0.05000000",
      "side": "sell"
    },
    {
      "time": "2021-08-06T15:49:34.386861Z",
      "trade_id": 199702736,
      "price": "41824.97000000",
      "size": "0.08836345",
      "side": "sell"
    },
    {
      "time": "2021-08-06T15:49:34.386861Z",
      "trade_id": 199702735,
      "price": "41824.80000000",
      "size": "0.00564097",
      "side": "sell"
    },
    {
      "time": "2021-08-06T15:49:34.386861Z",
      "trade_id": 199702734,
      "price": "41823.30000000",
      "size": "0.03061473",
      "side": "sell"
    },
    {
      "time": "2021-08-06T15:49:34.386861Z",
      "trade_id": 199702733,
      "price": "41821.51000000",
      "size": "0.35891826",
      "side": "sell"
    },
    {
      "time": "2021-08-06T15:49:34.386861Z",
      "trade_id": 199702732,
      "price": "41820.85000000",
      "size": "0.05411953",
      "side": "sell"
    },
    {
      "time": "2021-08-06T15:49:34.386861Z",
      "trade_id": 199702731,
      "price": "41820.57000000",
      "size": "0.02812431",
      "side": "sell"
    },
    {
      "time": "2021-08-06T15:49:34.386861Z",
      "trade_id": 199702730,
      "price": "41819.56000000",
      "size": "0.00607100",
      "side": "sell"
    },
    {
      "time": "2021-08-06T15:49:34.386861Z",
      "trade_id": 199702729,
      "price": "41818.87000000",
      "size": "0.23921422",
      "side": "sell"
    },
    {
      "time": "2021-08-06T15:49:34.386861Z",
      "trade_id": 199702728,
      "price": "41818.50000000",
      "size": "0.26000000",
      "side": "sell"
    },
    {
      "time": "2021-08-06T15:49:34.386861Z",
      "trade_id": 199702727,
      "price": "41818.06000000",
      "size": "0.17570000",
      "side": "sell"
    },
    {
      "time": "2021-08-06T15:49:34.386861Z",
      "trade_id": 199702726,
      "price": "41817.25000000",
      "size": "0.17570000",
      "side": "sell"
    },
    {
      "time": "2021-08-06T15:49:34.386861Z",
      "trade_id": 199702725,
      "price": "41816.45000000",
      "size": "0.17570000",
      "side": "sell"
    },
    {
      "time": "2021-08-06T15:49:34.386861Z",
      "trade_id": 199702724,
      "price": "41813.45000000",
      "size": "0.12556410",
      "side": "sell"
    },
    {
      "time": "2021-08-06T15:49:34.386861Z",
      "trade_id": 199702723,
      "price": "41813.44000000",
      "size": "0.05000000",
      "side": "sell"
    },
    {
      "time": "2021-08-06T15:49:34.386861Z",
      "trade_id": 199702722,
      "price": "41813.35000000",
      "size": "0.03173907",
      "side": "sell"
    },
    {
      "time": "2021-08-06T15:49:34.386861Z",
      "trade_id": 199702721,
      "price": "41809.14000000",
      "size": "0.00532187",
      "side": "sell"
    },
    {
      "time": "2021-08-06T15:49:33.765408Z",
      "trade_id": 199702720,
      "price": "41809.13000000",
      "size": "0.03394021",
      "side": "buy"
    },
    {
      "time": "2021-08-06T15:49:32.763676Z",
      "trade_id": 199702719,
      "price": "41809.14000000",
      "size": "0.03394020",
      "side": "sell"
    },
    {
      "time": "2021-08-06T15:49:32.053808Z",
      "trade_id": 199702718,
      "price": "41822.42000000",
      "size": "0.00121371",
      "side": "sell"
    },
    {
      "time": "2021-08-06T15:49:32.009803Z",
      "trade_id": 199702717,
      "price": "41822.42000000",
      "size": "0.00197830",
      "side": "sell"
    },
    {
      "time": "2021-08-06T15:49:32.009803Z",
      "trade_id": 199702716,
      "price": "41822.42000000",
      "size": "0.00505758",
      "side": "sell"
    },
    {
      "time": "2021-08-06T15:49:31.350408Z",
      "trade_id": 199702715,
      "price": "41822.42000000",
      "size": "0.00230875",
      "side": "sell"
    },
    {
      "time": "2021-08-06T15:49:31.014167Z",
      "trade_id": 199702714,
      "price": "41822.43000000",
      "size": "0.01406542",
      "side": "sell"
    },
    {
      "time": "2021-08-06T15:49:31.014167Z",
      "trade_id": 199702713,
      "price": "41821.54000000",
      "size": "0.03000145",
      "side": "sell"
    },
    {
      "time": "2021-08-06T15:49:31.014167Z",
      "trade_id": 199702712,
      "price": "41815.65000000",
      "size": "0.00358878",
      "side": "sell"
    },
    {
      "time": "2021-08-06T15:49:30.752587Z",
      "trade_id": 199702711,
      "price": "41815.65000000",
      "size": "0.10000000",
      "side": "sell"
    },
    {
      "time": "2021-08-06T15:49:30.110089Z",
      "trade_id": 199702710,
      "price": "41809.62000000",
      "size": "0.00147574",
      "side": "sell"
    },
    {
      "time": "2021-08-06T15:49:29.768929Z",
      "trade_id": 199702709,
      "price": "41809.62000000",
      "size": "0.00066674",
      "side": "sell"
    },
    {
      "time": "2021-08-06T15:49:29.731215Z",
      "trade_id": 199702708,
      "price": "41807.05000000",
      "size": "0.00231002",
      "side": "sell"
    },
    {
      "time": "2021-08-06T15:49:28.790258Z",
      "trade_id": 199702707,
      "price": "41808.20000000",
      "size": "0.01491975",
      "side": "buy"
    },
    {
      "time": "2021-08-06T15:49:28.790258Z",
      "trade_id": 199702706,
      "price": "41808.37000000",
      "size": "0.17570000",
      "side": "buy"
    },
    {
      "time": "2021-08-06T15:49:28.790258Z",
      "trade_id": 199702705,
      "price": "41808.46000000",
      "size": "0.05000000",
      "side": "buy"
    },
    {
      "time": "2021-08-06T15:49:28.790258Z",
      "trade_id": 199702704,
      "price": "41809.43000000",
      "size": "0.17570000",
      "side": "buy"
    },
    {
      "time": "2021-08-06T15:49:28.790258Z",
      "trade_id": 199702703,
      "price": "41810.24000000",
      "size": "0.17570000",
      "side": "buy"
    },
    {
      "time": "2021-08-06T15:49:28.790258Z",
      "trade_id": 199702702,
      "price": "41810.56000000",
      "size": "0.00604925",
      "side": "buy"
    },
    {
      "time": "2021-08-06T15:49:28.790258Z",
      "trade_id": 199702701,
      "price": "41810.56000000",
      "size": "0.02206650",
      "side": "buy"
    },
    {
      "time": "2021-08-06T15:49:28.790258Z",
      "trade_id": 199702700,
      "price": "41810.62000000",
      "size": "0.68572846",
      "side": "buy"
    },
    {
      "time": "2021-08-06T15:49:28.790258Z",
      "trade_id": 199702699,
      "price": "41810.63000000",
      "size": "0.04237340",
      "side": "buy"
    },
    {
      "time": "2021-08-06T15:49:28.790258Z",
      "trade_id": 199702698,
      "price": "41811.35000000",
      "size": "0.04476431",
      "side": "buy"
    },
    {
      "time": "2021-08-06T15:49:28.790258Z",
      "trade_id": 199702697,
      "price": "41812.87000000",
      "size": "0.35890555",
      "side": "buy"
    },
    {
      "time": "2021-08-06T15:49:28.790258Z",
      "trade_id": 199702696,
      "price": "41812.88000000",
      "size": "0.19560000",
      "side": "buy"
    },
    {
      "time": "2021-08-06T15:49:28.727421Z",
      "trade_id": 199702695,
      "price": "41812.87000000",
      "size": "0.00028100",
      "side": "buy"
    },
    {
      "time": "2021-08-06T15:49:28.679724Z",
      "trade_id": 199702694,
      "price": "41812.88000000",
      "size": "0.00346497",
      "side": "buy"
    },
    {
      "time": "2021-08-06T15:49:28.287272Z",
      "trade_id": 199702693,
      "price": "41823.09000000",
      "size": "0.11594194",
      "side": "sell"
    },
    {
      "time": "2021-08-06T15:49:28.287272Z",
      "trade_id": 199702692,
      "price": "41823.08000000",
      "size": "0.02398497",
      "side": "sell"
    },
    {
      "time": "2021-08-06T15:49:28.287272Z",
      "trade_id": 199702691,
      "price": "41822.29000000",
      "size": "0.01233840",
      "side": "sell"
    },
    {
      "time": "2021-08-06T15:49:28.287272Z",
      "trade_id": 199702690,
      "price": "41820.94000000",
      "size": "0.00451783",
      "side": "sell"
    },
    {
      "time": "2021-08-06T15:49:28.287272Z",
      "trade_id": 199702689,
      "price": "41820.92000000",
      "size": "0.00735498",
      "side": "sell"
    },
    {
      "time": "2021-08-06T15:49:27.582333Z",
      "trade_id": 199702688,
      "price": "41816.65000000",
      "size": "0.04131523",
      "side": "buy"
    },
    {
      "time": "2021-08-06T15:49:27.582333Z",
      "trade_id": 199702687,
      "price": "41819.11000000",
      "size": "0.00676731",
      "side": "buy"
    },
    {
      "time": "2021-08-06T15:49:27.361787Z",
      "trade_id": 199702686,
      "price": "41820.94000000",
      "size": "0.00044065",
      "side": "sell"
    },
    {
      "time": "2021-08-06T15:49:26.666807Z",
      "trade_id": 199702685,
      "price": "41810.56000000",
      "size": "0.00038300",
      "side": "buy"
    },
    {
      "time": "2021-08-06T15:49:26.562408Z",
      "trade_id": 199702684,
      "price": "41810.57000000",
      "size": "0.03570000",
      "side": "sell"
    },
    {
      "time": "2021-08-06T15:49:26.352087Z",
      "trade_id": 199702683,
      "price": "41841.87000000",
      "size": "0.65757438",
      "side": "sell"
    },
    {
      "time": "2021-08-06T15:49:26.352087Z",
      "trade_id": 199702682,
      "price": "41839.77000000",
      "size": "0.20000000",
      "side": "sell"
    },
    {
      "time": "2021-08-06T15:49:26.352087Z",
      "trade_id": 199702681,
      "price": "41838.84000000",
      "size": "0.21441263",
      "side": "sell"
    },
    {
      "time": "2021-08-06T15:49:26.352087Z",
      "trade_id": 199702680,
      "price": "41838.43000000",
      "size": "0.27000000",
      "side": "sell"
    },
    {
      "time": "2021-08-06T15:49:26.352087Z",
      "trade_id": 199702679,
      "price": "41838.42000000",
      "size": "0.65266707",
      "side": "sell"
    },
    {
      "time": "2021-08-06T15:49:26.352087Z",
      "trade_id": 199702678,
      "price": "41836.64000000",
      "size": "0.46600000",
      "side": "sell"
    },
    {
      "time": "2021-08-06T15:49:26.352087Z",
      "trade_id": 199702677,
      "price": "41836.63000000",
      "size": "0.67632603",
      "side": "sell"
    },
    {
      "time": "2021-08-06T15:49:26.352087Z",
      "trade_id": 199702676,
      "price": "41834.87000000",
      "size": "0.06255234",
      "side": "sell"
    },
    {
      "time": "2021-08-06T15:49:26.352087Z",
      "trade_id": 199702675,
      "price": "41834.77000000",
      "size": "0.20000000",
      "side": "sell"
    },
    {
      "time": "2021-08-06T15:49:26.352087Z",
      "trade_id": 199702674,
      "price": "41834.76000000",
      "size": "0.47179121",
      "side": "sell"
    },
    {
      "time": "2021-08-06T15:49:26.352087Z",
      "trade_id": 199702673,
      "price": "41833.48000000",
      "size": "0.03353852",
      "side": "sell"
    },
    {
      "time": "2021-08-06T15:49:26.352087Z",
      "trade_id": 199702672,
      "price": "41833.41000000",
      "size": "0.03700000",
      "side": "sell"
    },
    {
      "time": "2021-08-06T15:49:26.352087Z",
      "trade_id": 199702671,
      "price": "41832.11000000",
      "size": "0.03000000",
      "side": "sell"
    },
    {
      "time": "2021-08-06T15:49:26.352087Z",
      "trade_id": 199702670,
      "price": "41830.00000000",
      "size": "0.00070000",
      "side": "sell"
    },
    {
      "time": "2021-08-06T15:49:26.352087Z",
      "trade_id": 199702669,
      "price": "41830.00000000",
      "size": "1.25000000",
      "side": "sell"
    },
    {
      "time": "2021-08-06T15:49:26.352087Z",
      "trade_id": 199702668,
      "price": "41829.63000000",
      "size": "0.17580000",
      "side": "sell"
    },
    {
      "time": "2021-08-06T15:49:26.352087Z",
      "trade_id": 199702667,
      "price": "41829.53000000",
      "size": "0.00563650",
      "side": "sell"
    },
    {
      "time": "2021-08-06T15:49:26.352087Z",
      "trade_id": 199702666,
      "price": "41829.53000000",
      "size": "0.01771936",
      "side": "sell"
    },
    {
      "time": "2021-08-06T15:49:26.352087Z",
      "trade_id": 199702665,
      "price": "41828.60000000",
      "size": "0.03056775",
      "side": "sell"
    },
    {
      "time": "2021-08-06T15:49:26.352087Z",
      "trade_id": 199702664,
      "price": "41827.48000000",
      "size": "0.47843161",
      "side": "sell"
    },
    {
      "time": "2021-08-06T15:49:26.352087Z",
      "trade_id": 199702663,
      "price": "41826.78000000",
      "size": "0.06049370",
      "side": "sell"
    },
    {
      "time": "2021-08-06T15:49:26.352087Z",
      "trade_id": 199702662,
      "price": "41826.38000000",
      "size": "0.04700000",
      "side": "sell"
    },
    {
      "time": "2021-08-06T15:49:26.352087Z",
      "trade_id": 199702661,
      "price": "41825.52000000",
      "size": "0.20000000",
      "side": "sell"
    },
    {
      "time": "2021-08-06T15:49:26.352087Z",
      "trade_id": 199702660,
      "price": "41824.70000000",
      "size": "0.01784450",
      "side": "sell"
    },
    {
      "time": "2021-08-06T15:49:26.352087Z",
      "trade_id": 199702659,
      "price": "41824.60000000",
      "size": "0.00582222",
      "side": "sell"
    },
    {
      "time": "2021-08-06T15:49:26.352087Z",
      "trade_id": 199702658,
      "price": "41822.84000000",
      "size": "0.25280805",
      "side": "sell"
    },
    {
      "time": "2021-08-06T15:49:26.352087Z",
      "trade_id": 199702657,
      "price": "41821.60000000",
      "size": "0.32500000",
      "side": "sell"
    },
    {
      "time": "2021-08-06T15:49:26.352087Z",
      "trade_id": 199702656,
      "price": "41821.35000000",
      "size": "0.20000000",
      "side": "sell"
    },
    {
      "time": "2021-08-06T15:49:26.352087Z",
      "trade_id": 199702655,
      "price": "41821.34000000",
      "size": "0.46997170",
      "side": "sell"
    },
    {
      "time": "2021-08-06T15:49:26.352087Z",
      "trade_id": 199702654,
      "price": "41820.82000000",
      "size": "0.10000000",
      "side": "sell"
    },
    {
      "time": "2021-08-06T15:49:26.352087Z",
      "trade_id": 199702653,
      "price": "41820.16000000",
      "size": "0.47851426",
      "side": "sell"
    },
    {
      "time": "2021-08-06T15:49:26.352087Z",
      "trade_id": 199702652,
      "price": "41820.13000000",
      "size": "0.00609460",
      "side": "sell"
    },
    {
      "time": "2021-08-06T15:49:26.352087Z",
      "trade_id": 199702651,
      "price": "41819.87000000",
      "size": "1.20000000",
      "side": "sell"
    },
    {
      "time": "2021-08-06T15:49:26.352087Z",
      "trade_id": 199702650,
      "price": "41819.75000000",
      "size": "0.01761213",
      "side": "sell"
    },
    {
      "time": "2021-08-06T15:49:26.352087Z",
      "trade_id": 199702649,
      "price": "41818.26000000",
      "size": "0.05154348",
      "side": "sell"
    },
    {
      "time": "2021-08-06T15:49:26.352087Z",
      "trade_id": 199702648,
      "price": "41818.25000000",
      "size": "0.40000000",
      "side": "sell"
    },
    {
      "time": "2021-08-06T15:49:26.352087Z",
      "trade_id": 199702647,
      "price": "41817.32000000",
      "size": "0.04069565",
      "side": "sell"
    },
    {
      "time": "2021-08-06T15:49:26.352087Z",
      "trade_id": 199702646,
      "price": "41816.28000000",
      "size": "0.10000000",
      "side": "sell"
    },
    {
      "time": "2021-08-06T15:49:26.352087Z",
      "trade_id": 199702645,
      "price": "41816.12000000",
      "size": "0.10000000",
      "side": "sell"
    },
    {
      "time": "2021-08-06T15:49:26.352087Z",
      "trade_id": 199702644,
      "price": "41816.11000000",
      "size": "0.67042916",
      "side": "sell"
    },
    {
      "time": "2021-08-06T15:49:26.352087Z",
      "trade_id": 199702643,
      "price": "41815.98000000",
      "size": "0.05200000",
      "side": "sell"
    },
    {
      "time": "2021-08-06T15:49:26.352087Z",
      "trade_id": 199702642,
      "price": "41815.26000000",
      "size": "0.04064763",
      "side": "sell"
    },
    {
      "time": "2021-08-06T15:49:26.352087Z",
      "trade_id": 199702641,
      "price": "41814.97000000",
      "size": "0.08183156",
      "side": "sell"
    },
    {
      "time": "2021-08-06T15:49:26.352087Z",
      "trade_id": 199702640,
      "price": "41813.14000000",
      "size": "0.05000000",
      "side": "sell"
    },
    {
      "time": "2021-08-06T15:49:26.352087Z",
      "trade_id": 199702639,
      "price": "41812.92000000",
      "size": "0.35899218",
      "side": "sell"
    },
    {
      "time": "2021-08-06T15:49:26.352087Z",
      "trade_id": 199702638,
      "price": "41812.58000000",
      "size": "1.20000000",
      "side": "sell"
    },
    {
      "time": "2021-08-06T15:49:26.352087Z",
      "trade_id": 199702637,
      "price": "41811.32000000",
      "size": "0.00637936",
      "side": "sell"
    },
    {
      "time": "2021-08-06T15:49:26.352087Z",
      "trade_id": 199702636,
      "price": "41810.20000000",
      "size": "0.05704028",
      "side": "sell"
    },
    {
      "time": "2021-08-06T15:49:26.352087Z",
      "trade_id": 199702635,
      "price": "41809.77000000",
      "size": "0.26000000",
      "side": "sell"
    },
    {
      "time": "2021-08-06T15:49:26.352087Z",
      "trade_id": 199702634,
      "price": "41808.88000000",
      "size": "0.23010754",
      "side": "sell"
    },
    {
      "time": "2021-08-06T15:49:26.086485Z",
      "trade_id": 199702633,
      "price": "41808.88000000",
      "size": "0.00915935",
      "side": "sell"
    },
    {
      "time": "2021-08-06T15:49:25.622771Z",
      "trade_id": 199702632,
      "price": "41805.62000000",
      "size": "0.02345247",
      "side": "sell"
    },
    {
      "time": "2021-08-06T15:49:25.595432Z",
      "trade_id": 199702631,
      "price": "41796.36000000",
      "size": "0.07200000",
      "side": "buy"
    },
    {
      "time": "2021-08-06T15:49:25.595432Z",
      "trade_id": 199702630,
      "price": "41796.64000000",
      "size": "0.23800000",
      "side": "buy"
    },
    {
      "time": "2021-08-06T15:49:25.595432Z",
      "trade_id": 199702629,
      "price": "41797.91000000",
      "size": "0.26000000",
      "side": "buy"
    },
    {
      "time": "2021-08-06T15:49:25.48459Z",
      "trade_id": 199702628,
      "price": "41805.63000000",
      "size": "0.00171404",
      "side": "sell"
    },
    {
      "time": "2021-08-06T15:49:25.432302Z",
      "trade_id": 199702627,
      "price": "41799.43000000",
      "size": "0.00732967",
      "side": "buy"
    },
    {
      "time": "2021-08-06T15:49:25.173574Z",
      "trade_id": 199702626,
      "price": "41809.11000000",
      "size": "0.05865654",
      "side": "sell"
    },
    {
      "time": "2021-08-06T15:49:24.870887Z",
      "trade_id": 199702625,
      "price": "41799.43000000",
      "size": "0.00180310",
      "side": "buy"
    },
    {
      "time": "2021-08-06T15:49:24.242301Z",
      "trade_id": 199702624,
      "price": "41806.26000000",
      "size": "0.03660000",
      "side": "buy"
    },
    {
      "time": "2021-08-06T15:49:23.963674Z",
      "trade_id": 199702623,
      "price": "41796.48000000",
      "size": "0.04879918",
      "side": "buy"
    },
    {
      "time": "2021-08-06T15:49:23.963674Z",
      "trade_id": 199702622,
      "price": "41796.56000000",
      "size": "0.21441263",
      "side": "buy"
    },
    {
      "time": "2021-08-06T15:49:23.963674Z",
      "trade_id": 199702621,
      "price": "41796.57000000",
      "size": "1.13064602",
      "side": "buy"
    },
    {
      "time": "2021-08-06T15:49:23.963674Z",
      "trade_id": 199702620,
      "price": "41796.58000000",
      "size": "0.40000000",
      "side": "buy"
    },
    {
      "time": "2021-08-06T15:49:23.963674Z",
      "trade_id": 199702619,
      "price": "41796.70000000",
      "size": "0.47836635",
      "side": "buy"
    },
    {
      "time": "2021-08-06T15:49:23.963674Z",
      "trade_id": 199702618,
      "price": "41799.82000000",
      "size": "0.00596131",
      "side": "buy"
    },
    {
      "time": "2021-08-06T15:49:23.963674Z",
      "trade_id": 199702617,
      "price": "41799.92000000",
      "size": "1.13960000",
      "side": "buy"
    },
    {
      "time": "2021-08-06T15:49:23.963674Z",
      "trade_id": 199702616,
      "price": "41800.37000000",
      "size": "0.03915582",
      "side": "buy"
    },
    {
      "time": "2021-08-06T15:49:23.963674Z",
      "trade_id": 199702615,
      "price": "41802.36000000",
      "size": "0.23800000",
      "side": "buy"
    },
    {
      "time": "2021-08-06T15:49:23.963674Z",
      "trade_id": 199702614,
      "price": "41802.51000000",
      "size": "0.01847104",
      "side": "buy"
    },
    {
      "time": "2021-08-06T15:49:23.963674Z",
      "trade_id": 199702613,
      "price": "41803.93000000",
      "size": "0.23919193",
      "side": "buy"
    },
    {
      "time": "2021-08-06T15:49:23.963674Z",
      "trade_id": 199702612,
      "price": "41804.33000000",
      "size": "0.00671367",
      "side": "buy"
    },
    {
      "time": "2021-08-06T15:49:23.963674Z",
      "trade_id": 199702611,
      "price": "41804.35000000",
      "size": "0.68698639",
      "side": "buy"
    },
    {
      "time": "2021-08-06T15:49:23.963674Z",
      "trade_id": 199702610,
      "price": "41805.77000000",
      "size": "0.05000000",
      "side": "buy"
    },
    {
      "time": "2021-08-06T15:49:23.963674Z",
      "trade_id": 199702609,
      "price": "41807.03000000",
      "size": "0.26000000",
      "side": "buy"
    },
    {
      "time": "2021-08-06T15:49:23.963674Z",
      "trade_id": 199702608,
      "price": "41807.83000000",
      "size": "0.04369566",
      "side": "buy"
    },
    {
      "time": "2021-08-06T15:49:23.254686Z",
      "trade_id": 199702607,
      "price": "41813.58000000",
      "size": "0.02379555",
      "side": "buy"
    },
    {
      "time": "2021-08-06T15:49:23.254686Z",
      "trade_id": 199702606,
      "price": "41814.37000000",
      "size": "0.00620445",
      "side": "buy"
    },
    {
      "time": "2021-08-06T15:49:22.659097Z",
      "trade_id": 199702605,
      "price": "41812.67000000",
      "size": "0.00056520",
      "side": "buy"
    },
    {
      "time": "2021-08-06T15:49:22.654065Z",
      "trade_id": 199702604,
      "price": "41811.76000000",
      "size": "0.02876464",
      "side": "buy"
    },
    {
      "time": "2021-08-06T15:49:22.654065Z",
      "trade_id": 199702603,
      "price": "41812.67000000",
      "size": "0.01641037",
      "side": "buy"
    },
    {
      "time": "2021-08-06T15:49:22.654065Z",
      "trade_id": 199702602,
      "price": "41812.68000000",
      "size": "0.01647035",
      "side": "buy"
    },
    {
      "time": "2021-08-06T15:49:22.598349Z",
      "trade_id": 199702601,
      "price": "41819.90000000",
      "size": "0.03139669",
      "side": "sell"
    },
    {
      "time": "2021-08-06T15:49:21.975409Z",
      "trade_id": 199702600,
      "price": "41818.94000000",
      "size": "0.00019700",
      "side": "buy"
    },
    {
      "time": "2021-08-06T15:49:21.883529Z",
      "trade_id": 199702599,
      "price": "41818.95000000",
      "size": "0.00228894",
      "side": "sell"
    },
    {
      "time": "2021-08-06T15:49:21.339311Z",
      "trade_id": 199702598,
      "price": "41805.51000000",
      "size": "0.03323958",
      "side": "buy"
    },
    {
      "time": "2021-08-06T15:49:21.339311Z",
      "trade_id": 199702597,
      "price": "41806.47000000",
      "size": "0.02171615",
      "side": "buy"
    },
    {
      "time": "2021-08-06T15:49:21.247262Z",
      "trade_id": 199702596,
      "price": "41805.51000000",
      "size": "0.11302891",
      "side": "buy"
    },
    {
      "time": "2021-08-06T15:49:21.247262Z",
      "trade_id": 199702595,
      "price": "41805.52000000",
      "size": "0.05398258",
      "side": "buy"
    },
    {
      "time": "2021-08-06T15:49:21.247262Z",
      "trade_id": 199702594,
      "price": "41806.47000000",
      "size": "0.02464727",
      "side": "buy"
    },
    {
      "time": "2021-08-06T15:49:20.884787Z",
      "trade_id": 199702593,
      "price": "41813.98000000",
      "size": "0.01425099",
      "side": "sell"
    },
    {
      "time": "2021-08-06T15:49:20.884787Z",
      "trade_id": 199702592,
      "price": "41812.24000000",
      "size": "0.00723751",
      "side": "sell"
    },
    {
      "time": "2021-08-06T15:49:19.568282Z",
      "trade_id": 199702591,
      "price": "41804.16000000",
      "size": "0.05131895",
      "side": "buy"
    },
    {
      "time": "2021-08-06T15:49:19.107728Z",
      "trade_id": 199702590,
      "price": "41810.56000000",
      "size": "0.00098022",
      "side": "sell"
    },
    {
      "time": "2021-08-06T15:49:19.008406Z",
      "trade_id": 199702589,
      "price": "41804.14000000",
      "size": "0.00066967",
      "side": "buy"
    },
    {
      "time": "2021-08-06T15:49:18.820519Z",
      "trade_id": 199702588,
      "price": "41820.16000000",
      "size": "0.27033809",
      "side": "sell"
    },
    {
      "time": "2021-08-06T15:49:18.820519Z",
      "trade_id": 199702587,
      "price": "41819.98000000",
      "size": "0.10000000",
      "side": "sell"
    },
    {
      "time": "2021-08-06T15:49:18.820519Z",
      "trade_id": 199702586,
      "price": "41818.18000000",
      "size": "0.69171304",
      "side": "sell"
    },
    {
      "time": "2021-08-06T15:49:18.820519Z",
      "trade_id": 199702585,
      "price": "41818.17000000",
      "size": "0.03700000",
      "side": "sell"
    },
    {
      "time": "2021-08-06T15:49:18.820519Z",
      "trade_id": 199702584,
      "price": "41818.16000000",
      "size": "0.05804576",
      "side": "sell"
    },
    {
      "time": "2021-08-06T15:49:18.820519Z",
      "trade_id": 199702583,
      "price": "41816.58000000",
      "size": "0.05000000",
      "side": "sell"
    },
    {
      "time": "2021-08-06T15:49:18.820519Z",
      "trade_id": 199702582,
      "price": "41814.91000000",
      "size": "0.10000730",
      "side": "sell"
    },
    {
      "time": "2021-08-06T15:49:18.820519Z",
      "trade_id": 199702581,
      "price": "41814.37000000",
      "size": "0.00583782",
      "side": "sell"
    },
    {
      "time": "2021-08-06T15:49:18.820519Z",
      "trade_id": 199702580,
      "price": "41813.99000000",
      "size": "0.23923481",
      "side": "sell"
    },
    {
      "time": "2021-08-06T15:49:18.820519Z",
      "trade_id": 199702579,
      "price": "41812.56000000",
      "size": "0.05000000",
      "side": "sell"
    },
    {
      "time": "2021-08-06T15:49:18.820519Z",
      "trade_id": 199702578,
      "price": "41810.60000000",
      "size": "0.00534760",
      "side": "sell"
    },
    {
      "time": "2021-08-06T15:49:18.820519Z",
      "trade_id": 199702577,
      "price": "41809.95000000",
      "size": "0.02940950",
      "side": "sell"
    },
    {
      "time": "2021-08-06T15:49:18.820519Z",
      "trade_id": 199702576,
      "price": "41808.23000000",
      "size": "0.35901882",
      "side": "sell"
    },
    {
      "time": "2021-08-06T15:49:18.820519Z",
      "trade_id": 199702575,
      "price": "41808.22000000",
      "size": "0.07898476",
      "side": "sell"
    },
    {
      "time": "2021-08-06T15:49:18.820519Z",
      "trade_id": 199702574,
      "price": "41804.58000000",
      "size": "0.43782243",
      "side": "sell"
    },
    {
      "time": "2021-08-06T15:49:18.820519Z",
      "trade_id": 199702573,
      "price": "41804.58000000",
      "size": "0.09289242",
      "side": "sell"
    },
    {
      "time": "2021-08-06T15:49:18.79334Z",
      "trade_id": 199702572,
      "price": "41804.57000000",
      "size": "0.00011756",
      "side": "buy"
    },
    {
      "time": "2021-08-06T15:49:18.678805Z",
      "trade_id": 199702571,
      "price": "41804.58000000",
      "size": "0.00710758",
      "side": "sell"
    },
    {
      "time": "2021-08-06T15:49:18.678805Z",
      "trade_id": 199702570,
      "price": "41801.82000000",
      "size": "0.00095724",
      "side": "sell"
    },
    {
      "time": "2021-08-06T15:49:18.678805Z",
      "trade_id": 199702569,
      "price": "41801.82000000",
      "size": "0.00008606",
      "side": "sell"
    },
    {
      "time": "2021-08-06T15:49:18.670364Z",
      "trade_id": 199702568,
      "price": "41801.81000000",
      "size": "0.00104955",
      "side": "buy"
    },
    {
      "time": "2021-08-06T15:49:18.670364Z",
      "trade_id": 199702567,
      "price": "41801.81000000",
      "size": "0.00272087",
      "side": "buy"
    },
    {
      "time": "2021-08-06T15:49:17.990274Z",
      "trade_id": 199702566,
      "price": "41801.81000000",
      "size": "0.02718403",
      "side": "buy"
    },
    {
      "time": "2021-08-06T15:49:17.990274Z",
      "trade_id": 199702565,
      "price": "41801.81000000",
      "size": "0.20000000",
      "side": "buy"
    },
    {
      "time": "2021-08-06T15:49:17.990274Z",
      "trade_id": 199702564,
      "price": "41801.81000000",
      "size": "0.08512666",
      "side": "buy"
    },
    {
      "time": "2021-08-06T15:49:17.990274Z",
      "trade_id": 199702563,
      "price": "41801.81000000",
      "size": "0.02260296",
      "side": "buy"
    },
    {
      "time": "2021-08-06T15:49:16.048799Z",
      "trade_id": 199702562,
      "price": "41801.82000000",
      "size": "0.01190169",
      "side": "sell"
    },
    {
      "time": "2021-08-06T15:49:15.983557Z",
      "trade_id": 199702561,
      "price": "41801.81000000",
      "size": "0.00460249",
      "side": "buy"
    },
    {
      "time": "2021-08-06T15:49:15.799648Z",
      "trade_id": 199702560,
      "price": "41801.82000000",
      "size": "0.00114293",
      "side": "sell"
    },
    {
      "time": "2021-08-06T15:49:15.289253Z",
      "trade_id": 199702559,
      "price": "41801.81000000",
      "size": "0.00019453",
      "side": "buy"
    },
    {
      "time": "2021-08-06T15:49:14.965107Z",
      "trade_id": 199702558,
      "price": "41801.81000000",
      "size": "0.02951327",
      "side": "buy"
    },
    {
      "time": "2021-08-06T15:49:14.430304Z",
      "trade_id": 199702557,
      "price": "41801.82000000",
      "size": "0.00738970",
      "side": "sell"
    },
    {
      "time": "2021-08-06T15:49:13.163529Z",
      "trade_id": 199702556,
      "price": "41801.82000000",
      "size": "0.04691312",
      "side": "sell"
    },
    {
      "time": "2021-08-06T15:49:13.038588Z",
      "trade_id": 199702555,
      "price": "41801.82000000",
      "size": "0.00230988",
      "side": "sell"
    },
    {
      "time": "2021-08-06T15:49:12.867315Z",
      "trade_id": 199702554,
      "price": "41801.82000000",
      "size": "0.50000000",
      "side": "sell"
    },
    {
      "time": "2021-08-06T15:49:12.386023Z",
      "trade_id": 199702553,
      "price": "41801.81000000",
      "size": "0.01143612",
      "side": "buy"
    },
    {
      "time": "2021-08-06T15:49:11.984258Z",
      "trade_id": 199702552,
      "price": "41801.81000000",
      "size": "0.00780929",
      "side": "buy"
    },
    {
      "time": "2021-08-06T15:49:11.45364Z",
      "trade_id": 199702551,
      "price": "41794.84000000",
      "size": "0.60931798",
      "side": "sell"
    },
    {
      "time": "2021-08-06T15:49:11.213867Z",
      "trade_id": 199702550,
      "price": "41792.22000000",
      "size": "0.00078682",
      "side": "buy"
    },
    {
      "time": "2021-08-06T15:49:11.053286Z",
      "trade_id": 199702549,
      "price": "41792.23000000",
      "size": "0.02129391",
      "side": "sell"
    },
    {
      "time": "2021-08-06T15:49:10.673179Z",
      "trade_id": 199702548,
      "price": "41792.23000000",
      "size": "0.00391521",
      "side": "sell"
    },
    {
      "time": "2021-08-06T15:49:10.669831Z",
      "trade_id": 199702547,
      "price": "41792.23000000",
      "size": "0.00051207",
      "side": "sell"
    },
    {
      "time": "2021-08-06T15:49:10.63777Z",
      "trade_id": 199702546,
      "price": "41786.39000000",
      "size": "0.00021449",
      "side": "sell"
    },
    {
      "time": "2021-08-06T15:49:10.326742Z",
      "trade_id": 199702545,
      "price": "41786.38000000",
      "size": "0.02170090",
      "side": "buy"
    },
    {
      "time": "2021-08-06T15:49:10.326742Z",
      "trade_id": 199702544,
      "price": "41786.38000000",
      "size": "0.01939139",
      "side": "buy"
    },
    {
      "time": "2021-08-06T15:49:09.833666Z",
      "trade_id": 199702543,
      "price": "41786.39000000",
      "size": "0.02344874",
      "side": "sell"
    },
    {
      "time": "2021-08-06T15:49:09.434778Z",
      "trade_id": 199702542,
      "price": "41786.39000000",
      "size": "0.00055968",
      "side": "sell"
    },
    {
      "time": "2021-08-06T15:49:09.386527Z",
      "trade_id": 199702541,
      "price": "41786.39000000",
      "size": "0.00586392",
      "side": "sell"
    },
    {
      "time": "2021-08-06T15:49:08.932622Z",
      "trade_id": 199702540,
      "price": "41786.39000000",
      "size": "0.00070018",
      "side": "sell"
    },
    {
      "time": "2021-08-06T15:49:08.531598Z",
      "trade_id": 199702539,
      "price": "41786.39000000",
      "size": "0.00114293",
      "side": "sell"
    },
    {
      "time": "2021-08-06T15:49:07.203049Z",
      "trade_id": 199702538,
      "price": "41786.39000000",
      "size": "0.00021449",
      "side": "sell"
    },
    {
      "time": "2021-08-06T15:49:06.70858Z",
      "trade_id": 199702537,
      "price": "41791.97000000",
      "size": "0.00103151",
      "side": "sell"
    },
    {
      "time": "2021-08-06T15:49:06.70858Z",
      "trade_id": 199702536,
      "price": "41788.85000000",
      "size": "0.00579638",
      "side": "sell"
    },
    {
      "time": "2021-08-06T15:49:06.583656Z",
      "trade_id": 199702535,
      "price": "41786.38000000",
      "size": "0.00012310",
      "side": "buy"
    },
    {
      "time": "2021-08-06T15:49:06.362248Z",
      "trade_id": 199702534,
      "price": "41792.63000000",
      "size": "0.00286137",
      "side": "sell"
    },
    {
      "time": "2021-08-06T15:49:05.445984Z",
      "trade_id": 199702533,
      "price": "41791.51000000",
      "size": "0.00032154",
      "side": "sell"
    },
    {
      "time": "2021-08-06T15:49:05.144295Z",
      "trade_id": 199702532,
      "price": "41795.00000000",
      "size": "0.04689747",
      "side": "sell"
    },
    {
      "time": "2021-08-06T15:49:04.922303Z",
      "trade_id": 199702531,
      "price": "41795.59000000",
      "size": "0.00064581",
      "side": "buy"
    },
    {
      "time": "2021-08-06T15:49:04.469559Z",
      "trade_id": 199702530,
      "price": "41796.30000000",
      "size": "0.00055038",
      "side": "buy"
    },
    {
      "time": "2021-08-06T15:49:03.811831Z",
      "trade_id": 199702529,
      "price": "41806.17000000",
      "size": "0.44393849",
      "side": "sell"
    },
    {
      "time": "2021-08-06T15:49:03.811831Z",
      "trade_id": 199702528,
      "price": "41804.34000000",
      "size": "0.02032169",
      "side": "sell"
    },
    {
      "time": "2021-08-06T15:49:03.811831Z",
      "trade_id": 199702527,
      "price": "41803.92000000",
      "size": "0.26600000",
      "side": "sell"
    },
    {
      "time": "2021-08-06T15:49:03.811831Z",
      "trade_id": 199702526,
      "price": "41803.23000000",
      "size": "0.00572018",
      "side": "sell"
    },
    {
      "time": "2021-08-06T15:49:03.811831Z",
      "trade_id": 199702525,
      "price": "41803.22000000",
      "size": "0.40000000",
      "side": "sell"
    },
    {
      "time": "2021-08-06T15:49:03.811831Z",
      "trade_id": 199702524,
      "price": "41803.21000000",
      "size": "0.05806816",
      "side": "sell"
    },
    {
      "time": "2021-08-06T15:49:03.811831Z",
      "trade_id": 199702523,
      "price": "41799.14000000",
      "size": "0.10000000",
      "side": "sell"
    },
    {
      "time": "2021-08-06T15:49:03.811831Z",
      "trade_id": 199702522,
      "price": "41798.97000000",
      "size": "0.00432965",
      "side": "sell"
    },
    {
      "time": "2021-08-06T15:49:03.811831Z",
      "trade_id": 199702521,
      "price": "41797.53000000",
      "size": "0.00638647",
      "side": "sell"
    },
    {
      "time": "2021-08-06T15:49:03.811831Z",
      "trade_id": 199702520,
      "price": "41797.11000000",
      "size": "0.04879273",
      "side": "sell"
    },
    {
      "time": "2021-08-06T15:49:03.811831Z",
      "trade_id": 199702519,
      "price": "41796.26000000",
      "size": "0.04500586",
      "side": "sell"
    },
    {
      "time": "2021-08-06T15:49:03.811831Z",
      "trade_id": 199702518,
      "price": "41794.27000000",
      "size": "0.04231970",
      "side": "sell"
    },
    {
      "time": "2021-08-06T15:49:03.811831Z",
      "trade_id": 199702517,
      "price": "41793.18000000",
      "size": "0.00595330",
      "side": "sell"
    },
    {
      "time": "2021-08-06T15:49:03.811831Z",
      "trade_id": 199702516,
      "price": "41791.69000000",
      "size": "0.17580000",
      "side": "sell"
    },
    {
      "time": "2021-08-06T15:49:03.811831Z",
      "trade_id": 199702515,
      "price": "41791.24000000",
      "size": "0.26000000",
      "side": "sell"
    },
    {
      "time": "2021-08-06T15:49:03.811831Z",
      "trade_id": 199702514,
      "price": "41791.03000000",
      "size": "0.02623079",
      "side": "sell"
    },
    {
      "time": "2021-08-06T15:49:03.811831Z",
      "trade_id": 199702513,
      "price": "41790.89000000",
      "size": "0.17580000",
      "side": "sell"
    },
    {
      "time": "2021-08-06T15:49:03.811831Z",
      "trade_id": 199702512,
      "price": "41790.08000000",
      "size": "0.17580000",
      "side": "sell"
    },
    {
      "time": "2021-08-06T15:49:03.811831Z",
      "trade_id": 199702511,
      "price": "41786.39000000",
      "size": "0.10000000",
      "side": "sell"
    },
    {
      "time": "2021-08-06T15:49:03.811831Z",
      "trade_id": 199702510,
      "price": "41786.39000000",
      "size": "0.05000000",
      "side": "sell"
    },
    {
      "time": "2021-08-06T15:49:03.811831Z",
      "trade_id": 199702509,
      "price": "41786.39000000",
      "size": "0.19560000",
      "side": "sell"
    },
    {
      "time": "2021-08-06T15:49:03.064121Z",
      "trade_id": 199702508,
      "price": "41788.74000000",
      "size": "0.00023568",
      "side": "sell"
    },
    {
      "time": "2021-08-06T15:49:02.504984Z",
      "trade_id": 199702507,
      "price": "41788.49000000",
      "size": "0.15595237",
      "side": "buy"
    },
    {
      "time": "2021-08-06T15:49:02.504984Z",
      "trade_id": 199702506,
      "price": "41795.45000000",
      "size": "0.03850876",
      "side": "buy"
    },
    {
      "time": "2021-08-06T15:49:02.504984Z",
      "trade_id": 199702505,
      "price": "41796.87000000",
      "size": "0.00001158",
      "side": "buy"
    },
    {
      "time": "2021-08-06T15:49:02.109236Z",
      "trade_id": 199702504,
      "price": "41796.87000000",
      "size": "0.00043845",
      "side": "buy"
    },
    {
      "time": "2021-08-06T15:49:02.109236Z",
      "trade_id": 199702503,
      "price": "41796.87000000",
      "size": "0.00006155",
      "side": "buy"
    },
    {
      "time": "2021-08-06T15:49:02.000568Z",
      "trade_id": 199702502,
      "price": "41796.88000000",
      "size": "0.00217200",
      "side": "sell"
    },
    {
      "time": "2021-08-06T15:49:01.821439Z",
      "trade_id": 199702501,
      "price": "41796.87000000",
      "size": "0.00090000",
      "side": "buy"
    },
    {
      "time": "2021-08-06T15:49:01.821439Z",
      "trade_id": 199702500,
      "price": "41796.87000000",
      "size": "0.00880000",
      "side": "buy"
    },
    {
      "time": "2021-08-06T15:49:01.593504Z",
      "trade_id": 199702499,
      "price": "41797.16000000",
      "size": "0.00005412",
      "side": "buy"
    },
    {
      "time": "2021-08-06T15:49:01.589496Z",
      "trade_id": 199702498,
      "price": "41797.16000000",
      "size": "0.63580000",
      "side": "buy"
    },
    {
      "time": "2021-08-06T15:49:01.577113Z",
      "trade_id": 199702497,
      "price": "41797.16000000",
      "size": "0.10000000",
      "side": "buy"
    },
    {
      "time": "2021-08-06T15:49:01.569161Z",
      "trade_id": 199702496,
      "price": "41797.16000000",
      "size": "0.10000000",
      "side": "buy"
    },
    {
      "time": "2021-08-06T15:49:01.561958Z",
      "trade_id": 199702495,
      "price": "41797.16000000",
      "size": "0.05000000",
      "side": "buy"
    },
    {
      "time": "2021-08-06T15:49:01.561847Z",
      "trade_id": 199702494,
      "price": "41797.17000000",
      "size": "0.06514710",
      "side": "sell"
    },
    {
      "time": "2021-08-06T15:49:01.561847Z",
      "trade_id": 199702493,
      "price": "41797.17000000",
      "size": "0.00314910",
      "side": "sell"
    },
    {
      "time": "2021-08-06T15:49:01.561847Z",
      "trade_id": 199702492,
      "price": "41797.17000000",
      "size": "2.33665809",
      "side": "sell"
    },
    {
      "time": "2021-08-06T15:49:01.55256Z",
      "trade_id": 199702491,
      "price": "41797.16000000",
      "size": "0.10000000",
      "side": "buy"
    },
    {
      "time": "2021-08-06T15:49:01.548635Z",
      "trade_id": 199702490,
      "price": "41797.16000000",
      "size": "0.05000000",
      "side": "buy"
    },
    {
      "time": "2021-08-06T15:49:01.539104Z",
      "trade_id": 199702489,
      "price": "41797.16000000",
      "size": "0.05000000",
      "side": "buy"
    },
    {
      "time": "2021-08-06T15:49:01.534289Z",
      "trade_id": 199702488,
      "price": "41797.16000000",
      "size": "0.18540000",
      "side": "buy"
    },
    {
      "time": "2021-08-06T15:49:01.530336Z",
      "trade_id": 199702487,
      "price": "41797.16000000",
      "size": "0.35000000",
      "side": "buy"
    },
    {
      "time": "2021-08-06T15:49:01.526712Z",
      "trade_id": 199702486,
      "price": "41797.16000000",
      "size": "0.25000000",
      "side": "buy"
    },
    {
      "time": "2021-08-06T15:49:01.523114Z",
      "trade_id": 199702485,
      "price": "41797.16000000",
      "size": "0.05000000",
      "side": "buy"
    },
    {
      "time": "2021-08-06T15:49:00.895265Z",
      "trade_id": 199702484,
      "price": "41797.16000000",
      "size": "0.00278220",
      "side": "buy"
    },
    {
      "time": "2021-08-06T15:49:00.79121Z",
      "trade_id": 199702483,
      "price": "41798.28000000",
      "size": "0.00117273",
      "side": "sell"
    },
    {
      "time": "2021-08-06T15:49:00.686799Z",
      "trade_id": 199702482,
      "price": "41798.29000000",
      "size": "0.00114293",
      "side": "sell"
    },
    {
      "time": "2021-08-06T15:49:00.686763Z",
      "trade_id": 199702481,
      "price": "41796.88000000",
      "size": "0.02238891",
      "side": "sell"
    },
    {
      "time": "2021-08-06T15:49:00.686763Z",
      "trade_id": 199702480,
      "price": "41796.88000000",
      "size": "0.20000000",
      "side": "sell"
    },
    {
      "time": "2021-08-06T15:49:00.686763Z",
      "trade_id": 199702479,
      "price": "41796.88000000",
      "size": "0.01505964",
      "side": "sell"
    },
    {
      "time": "2021-08-06T15:49:00.686763Z",
