[
    {
      "time": "2021-08-06T15:52:05.228779Z",
      "trade_id": 143109407,
      "price": "2813.29000000",
      "size": "0.01697783",
      "side": "sell"
    },
    {
      "time": "2021-08-06T15:52:04.665824Z",
      "trade_id": 143109406,
      "price": "2813.45000000",
      "size": "0.03400598",
      "side": "sell"
    },
    {
      "time": "2021-08-06T15:52:04.371466Z",
      "trade_id": 143109405,
      "price": "2813.68000000",
      "size": "0.10304275",
      "side": "sell"
    },
    {
      "time": "2021-08-06T15:52:04.371466Z",
      "trade_id": 143109404,
      "price": "2813.67000000",
      "size": "0.41052028",
      "side": "sell"
    },
    {
      "time": "2021-08-06T15:52:04.35054Z",
      "trade_id": 143109403,
      "price": "2813.68000000",
      "size": "0.03400561",
      "side": "sell"
    },
    {
      "time": "2021-08-06T15:52:03.740066Z",
      "trade_id": 143109402,
      "price": "2813.16000000",
      "size": "0.91746030",
      "side": "buy"
    },
    {
      "time": "2021-08-06T15:52:03.740066Z",
      "trade_id": 143109401,
      "price": "2813.17000000",
      "size": "0.09353970",
      "side": "buy"
    },
    {
      "time": "2021-08-06T15:52:03.652076Z",
      "trade_id": 143109400,
      "price": "2813.25000000",
      "size": "0.11101790",
      "side": "buy"
    },
    {
      "time": "2021-08-06T15:52:03.652076Z",
      "trade_id": 143109399,
      "price": "2813.26000000",
      "size": "0.38898210",
      "side": "buy"
    },
    {
      "time": "2021-08-06T15:52:03.639659Z",
      "trade_id": 143109398,
      "price": "2813.26000000",
      "size": "0.50000000",
      "side": "buy"
    },
    {
      "time": "2021-08-06T15:52:03.62526Z",
      "trade_id": 143109397,
      "price": "2813.25000000",
      "size": "1.00000000",
      "side": "buy"
    },
    {
      "time": "2021-08-06T15:52:03.610912Z",
      "trade_id": 143109396,
      "price": "2813.49000000",
      "size": "0.11070721",
      "side": "buy"
    },
    {
      "time": "2021-08-06T15:52:03.610912Z",
      "trade_id": 143109395,
      "price": "2813.61000000",
      "size": "0.39883100",
      "side": "buy"
    },
    {
      "time": "2021-08-06T15:52:03.610912Z",
      "trade_id": 143109394,
      "price": "2814.25000000",
      "size": "0.49046179",
      "side": "buy"
    },
    {
      "time": "2021-08-06T15:52:03.556531Z",
      "trade_id": 143109393,
      "price": "2814.26000000",
      "size": "0.03430620",
      "side": "sell"
    },
    {
      "time": "2021-08-06T15:52:03.542654Z",
      "trade_id": 143109392,
      "price": "2814.25000000",
      "size": "0.10953821",
      "side": "buy"
    },
    {
      "time": "2021-08-06T15:52:03.169521Z",
      "trade_id": 143109391,
      "price": "2814.26000000",
      "size": "0.01697527",
      "side": "sell"
    },
    {
      "time": "2021-08-06T15:52:03.108448Z",
      "trade_id": 143109390,
      "price": "2814.19000000",
      "size": "1.01194194",
      "side": "sell"
    },
    {
      "time": "2021-08-06T15:52:03.108448Z",
      "trade_id": 143109389,
      "price": "2814.18000000",
      "size": "0.24350294",
      "side": "sell"
    },
    {
      "time": "2021-08-06T15:52:03.108448Z",
      "trade_id": 143109388,
      "price": "2813.69000000",
      "size": "0.09507115",
      "side": "sell"
    },
    {
      "time": "2021-08-06T15:52:03.108448Z",
      "trade_id": 143109387,
      "price": "2813.69000000",
      "size": "0.37138397",
      "side": "sell"
    },
    {
      "time": "2021-08-06T15:52:03.069048Z",
      "trade_id": 143109386,
      "price": "2813.68000000",
      "size": "0.01134123",
      "side": "buy"
    },
    {
      "time": "2021-08-06T15:52:02.792961Z",
      "trade_id": 143109385,
      "price": "2813.69000000",
      "size": "0.04327825",
      "side": "buy"
    },
    {
      "time": "2021-08-06T15:52:02.753939Z",
      "trade_id": 143109384,
      "price": "2814.19000000",
      "size": "0.44818691",
      "side": "sell"
    },
    {
      "time": "2021-08-06T15:52:02.753939Z",
      "trade_id": 143109383,
      "price": "2814.12000000",
      "size": "0.40621200",
      "side": "sell"
    },
    {
      "time": "2021-08-06T15:52:02.753939Z",
      "trade_id": 143109382,
      "price": "2814.05000000",
      "size": "4.62373470",
      "side": "sell"
    },
    {
      "time": "2021-08-06T15:52:02.753939Z",
      "trade_id": 143109381,
      "price": "2814.01000000",
      "size": "0.80828817",
      "side": "sell"
    },
    {
      "time": "2021-08-06T15:52:02.753939Z",
      "trade_id": 143109380,
      "price": "2813.25000000",
      "size": "0.53893791",
      "side": "sell"
    },
    {
      "time": "2021-08-06T15:52:02.366889Z",
      "trade_id": 143109379,
      "price": "2813.25000000",
      "size": "0.03399341",
      "side": "sell"
    },
    {
      "time": "2021-08-06T15:52:02.322531Z",
      "trade_id": 143109378,
      "price": "2813.24000000",
      "size": "0.19267068",
      "side": "buy"
    },
    {
      "time": "2021-08-06T15:52:01.528997Z",
      "trade_id": 143109377,
      "price": "2813.00000000",
      "size": "0.07143823",
      "side": "buy"
    },
    {
      "time": "2021-08-06T15:52:01.458323Z",
      "trade_id": 143109376,
      "price": "2813.24000000",
      "size": "0.03564292",
      "side": "buy"
    },
    {
      "time": "2021-08-06T15:52:01.458323Z",
      "trade_id": 143109375,
      "price": "2813.24000000",
      "size": "0.04000000",
      "side": "buy"
    },
    {
      "time": "2021-08-06T15:52:01.140815Z",
      "trade_id": 143109374,
      "price": "2813.25000000",
      "size": "0.01697805",
      "side": "sell"
    },
    {
      "time": "2021-08-06T15:52:00.211337Z",
      "trade_id": 143109373,
      "price": "2813.25000000",
      "size": "0.08704087",
      "side": "sell"
    },
    {
      "time": "2021-08-06T15:52:00.098915Z",
      "trade_id": 143109372,
      "price": "2813.25000000",
      "size": "0.08873209",
      "side": "sell"
    },
    {
      "time": "2021-08-06T15:51:59.801484Z",
      "trade_id": 143109371,
      "price": "2813.46000000",
      "size": "0.00224034",
      "side": "buy"
    },
    {
      "time": "2021-08-06T15:51:59.78483Z",
      "trade_id": 143109370,
      "price": "2813.46000000",
      "size": "0.04900000",
      "side": "buy"
    },
    {
      "time": "2021-08-06T15:51:59.720435Z",
      "trade_id": 143109369,
      "price": "2813.47000000",
      "size": "0.00831290",
      "side": "sell"
    },
    {
      "time": "2021-08-06T15:51:59.540466Z",
      "trade_id": 143109368,
      "price": "2813.46000000",
      "size": "0.50000000",
      "side": "buy"
    },
    {
      "time": "2021-08-06T15:51:59.530048Z",
      "trade_id": 143109367,
      "price": "2813.46000000",
      "size": "0.50000000",
      "side": "buy"
    },
    {
      "time": "2021-08-06T15:51:59.486839Z",
      "trade_id": 143109366,
      "price": "2813.46000000",
      "size": "0.20000000",
      "side": "buy"
    },
    {
      "time": "2021-08-06T15:51:59.486839Z",
      "trade_id": 143109365,
      "price": "2813.46000000",
      "size": "0.30000000",
      "side": "buy"
    },
    {
      "time": "2021-08-06T15:51:59.180143Z",
      "trade_id": 143109364,
      "price": "2813.49000000",
      "size": "0.01195450",
      "side": "sell"
    },
    {
      "time": "2021-08-06T15:51:58.512424Z",
      "trade_id": 143109363,
      "price": "2813.48000000",
      "size": "0.08428935",
      "side": "buy"
    },
    {
      "time": "2021-08-06T15:51:58.481099Z",
      "trade_id": 143109362,
      "price": "2813.76000000",
      "size": "0.08709350",
      "side": "sell"
    },
    {
      "time": "2021-08-06T15:51:57.94562Z",
      "trade_id": 143109361,
      "price": "2813.47000000",
      "size": "1.00000000",
      "side": "sell"
    },
    {
      "time": "2021-08-06T15:51:57.94562Z",
      "trade_id": 143109360,
      "price": "2813.47000000",
      "size": "0.50000000",
      "side": "sell"
    },
    {
      "time": "2021-08-06T15:51:57.448605Z",
      "trade_id": 143109359,
      "price": "2813.47000000",
      "size": "0.06968493",
      "side": "sell"
    },
    {
      "time": "2021-08-06T15:51:57.265886Z",
      "trade_id": 143109358,
      "price": "2813.69000000",
      "size": "0.64150813",
      "side": "buy"
    },
    {
      "time": "2021-08-06T15:51:57.265886Z",
      "trade_id": 143109357,
      "price": "2813.69000000",
      "size": "2.62924306",
      "side": "buy"
    },
    {
      "time": "2021-08-06T15:51:57.096604Z",
      "trade_id": 143109356,
      "price": "2813.69000000",
      "size": "0.09200000",
      "side": "buy"
    },
    {
      "time": "2021-08-06T15:51:56.666546Z",
      "trade_id": 143109355,
      "price": "2813.69000000",
      "size": "0.06269606",
      "side": "buy"
    },
    {
      "time": "2021-08-06T15:51:55.150871Z",
      "trade_id": 143109354,
      "price": "2813.70000000",
      "size": "0.03691981",
      "side": "sell"
    },
    {
      "time": "2021-08-06T15:51:54.868134Z",
      "trade_id": 143109353,
      "price": "2813.70000000",
      "size": "0.05585218",
      "side": "sell"
    },
    {
      "time": "2021-08-06T15:51:54.611483Z",
      "trade_id": 143109352,
      "price": "2813.70000000",
      "size": "0.03428561",
      "side": "sell"
    },
    {
      "time": "2021-08-06T15:51:54.53703Z",
      "trade_id": 143109351,
      "price": "2813.70000000",
      "size": "0.64213591",
      "side": "sell"
    },
    {
      "time": "2021-08-06T15:51:54.53703Z",
      "trade_id": 143109350,
      "price": "2813.70000000",
      "size": "0.16193669",
      "side": "sell"
    },
    {
      "time": "2021-08-06T15:51:54.53703Z",
      "trade_id": 143109349,
      "price": "2813.70000000",
      "size": "1.20000000",
      "side": "sell"
    },
    {
      "time": "2021-08-06T15:51:53.251103Z",
      "trade_id": 143109348,
      "price": "2813.70000000",
      "size": "0.03429987",
      "side": "sell"
    },
    {
      "time": "2021-08-06T15:51:52.769554Z",
      "trade_id": 143109347,
      "price": "2813.69000000",
      "size": "2.13606088",
      "side": "buy"
    },
    {
      "time": "2021-08-06T15:51:52.555994Z",
      "trade_id": 143109346,
      "price": "2813.72000000",
      "size": "0.47440000",
      "side": "buy"
    },
    {
      "time": "2021-08-06T15:51:51.765676Z",
      "trade_id": 143109345,
      "price": "2813.70000000",
      "size": "0.01717218",
      "side": "sell"
    },
    {
      "time": "2021-08-06T15:51:51.705518Z",
      "trade_id": 143109344,
      "price": "2813.73000000",
      "size": "0.98657761",
      "side": "buy"
    },
    {
      "time": "2021-08-06T15:51:51.277362Z",
      "trade_id": 143109343,
      "price": "2813.73000000",
      "size": "0.05027000",
      "side": "buy"
    },
    {
      "time": "2021-08-06T15:51:51.277362Z",
      "trade_id": 143109342,
      "price": "2813.73000000",
      "size": "0.44973000",
      "side": "buy"
    },
    {
      "time": "2021-08-06T15:51:51.213872Z",
      "trade_id": 143109341,
      "price": "2813.73000000",
      "size": "0.04200000",
      "side": "buy"
    },
    {
      "time": "2021-08-06T15:51:50.65961Z",
      "trade_id": 143109340,
      "price": "2814.19000000",
      "size": "0.60000000",
      "side": "buy"
    },
    {
      "time": "2021-08-06T15:51:50.65961Z",
      "trade_id": 143109339,
      "price": "2814.19000000",
      "size": "4.00000000",
      "side": "buy"
    },
    {
      "time": "2021-08-06T15:51:50.582462Z",
      "trade_id": 143109338,
      "price": "2814.19000000",
      "size": "3.00000000",
      "side": "buy"
    },
    {
      "time": "2021-08-06T15:51:50.254966Z",
      "trade_id": 143109337,
      "price": "2814.23000000",
      "size": "0.00107223",
      "side": "sell"
    },
    {
      "time": "2021-08-06T15:51:49.994482Z",
      "trade_id": 143109336,
      "price": "2814.59000000",
      "size": "0.01767619",
      "side": "sell"
    },
    {
      "time": "2021-08-06T15:51:49.93983Z",
      "trade_id": 143109335,
      "price": "2814.60000000",
      "size": "0.15521620",
      "side": "sell"
    },
    {
      "time": "2021-08-06T15:51:49.93983Z",
      "trade_id": 143109334,
      "price": "2814.59000000",
      "size": "0.66741171",
      "side": "sell"
    },
    {
      "time": "2021-08-06T15:51:49.93983Z",
      "trade_id": 143109333,
      "price": "2814.59000000",
      "size": "0.47440000",
      "side": "sell"
    },
    {
      "time": "2021-08-06T15:51:49.93983Z",
      "trade_id": 143109332,
      "price": "2814.59000000",
      "size": "0.44476960",
      "side": "sell"
    },
    {
      "time": "2021-08-06T15:51:49.817413Z",
      "trade_id": 143109331,
      "price": "2814.21000000",
      "size": "0.36181098",
      "side": "buy"
    },
    {
      "time": "2021-08-06T15:51:49.817413Z",
      "trade_id": 143109330,
      "price": "2814.22000000",
      "size": "0.04818902",
      "side": "buy"
    },
    {
      "time": "2021-08-06T15:51:49.126516Z",
      "trade_id": 143109329,
      "price": "2814.75000000",
      "size": "0.00999997",
      "side": "buy"
    },
    {
      "time": "2021-08-06T15:51:49.126085Z",
      "trade_id": 143109328,
      "price": "2814.75000000",
      "size": "0.04882555",
      "side": "buy"
    },
    {
      "time": "2021-08-06T15:51:49.126085Z",
      "trade_id": 143109327,
      "price": "2815.07000000",
      "size": "0.00617445",
      "side": "buy"
    },
    {
      "time": "2021-08-06T15:51:49.047359Z",
      "trade_id": 143109326,
      "price": "2815.07000000",
      "size": "0.00449239",
      "side": "buy"
    },
    {
      "time": "2021-08-06T15:51:48.700063Z",
      "trade_id": 143109325,
      "price": "2815.23000000",
      "size": "0.03429036",
      "side": "sell"
    },
    {
      "time": "2021-08-06T15:51:48.659066Z",
      "trade_id": 143109324,
      "price": "2815.22000000",
      "size": "0.00195622",
      "side": "buy"
    },
    {
      "time": "2021-08-06T15:51:48.364663Z",
      "trade_id": 143109323,
      "price": "2815.08000000",
      "size": "0.03429840",
      "side": "sell"
    },
    {
      "time": "2021-08-06T15:51:48.120843Z",
      "trade_id": 143109322,
      "price": "2815.21000000",
      "size": "0.04548231",
      "side": "sell"
    },
    {
      "time": "2021-08-06T15:51:48.120843Z",
      "trade_id": 143109321,
      "price": "2815.20000000",
      "size": "0.30288281",
      "side": "sell"
    },
    {
      "time": "2021-08-06T15:51:47.536881Z",
      "trade_id": 143109320,
      "price": "2815.20000000",
      "size": "0.00100478",
      "side": "sell"
    },
    {
      "time": "2021-08-06T15:51:47.053983Z",
      "trade_id": 143109319,
      "price": "2815.18000000",
      "size": "0.11386249",
      "side": "sell"
    },
    {
      "time": "2021-08-06T15:51:46.941458Z",
      "trade_id": 143109318,
      "price": "2814.76000000",
      "size": "0.01696786",
      "side": "sell"
    },
    {
      "time": "2021-08-06T15:51:46.738222Z",
      "trade_id": 143109317,
      "price": "2815.27000000",
      "size": "0.31600000",
      "side": "buy"
    },
    {
      "time": "2021-08-06T15:51:46.616633Z",
      "trade_id": 143109316,
      "price": "2815.43000000",
      "size": "0.45345850",
      "side": "buy"
    },
    {
      "time": "2021-08-06T15:51:46.616633Z",
      "trade_id": 143109315,
      "price": "2815.43000000",
      "size": "0.04654150",
      "side": "buy"
    },
    {
      "time": "2021-08-06T15:51:46.522657Z",
      "trade_id": 143109314,
      "price": "2816.07000000",
      "size": "0.60000000",
      "side": "buy"
    },
    {
      "time": "2021-08-06T15:51:46.184688Z",
      "trade_id": 143109313,
      "price": "2816.08000000",
      "size": "0.20902232",
      "side": "sell"
    },
    {
      "time": "2021-08-06T15:51:45.309195Z",
      "trade_id": 143109312,
      "price": "2815.79000000",
      "size": "0.52235281",
      "side": "sell"
    },
    {
      "time": "2021-08-06T15:51:45.157365Z",
      "trade_id": 143109311,
      "price": "2815.78000000",
      "size": "0.00805486",
      "side": "sell"
    },
    {
      "time": "2021-08-06T15:51:45.157365Z",
      "trade_id": 143109310,
      "price": "2815.46000000",
      "size": "0.70000000",
      "side": "sell"
    },
    {
      "time": "2021-08-06T15:51:44.489134Z",
      "trade_id": 143109309,
      "price": "2815.16000000",
      "size": "0.01236306",
      "side": "buy"
    },
    {
      "time": "2021-08-06T15:51:44.248114Z",
      "trade_id": 143109308,
      "price": "2815.16000000",
      "size": "0.04900519",
      "side": "buy"
    },
    {
      "time": "2021-08-06T15:51:43.878915Z",
      "trade_id": 143109307,
      "price": "2815.33000000",
      "size": "0.03430081",
      "side": "sell"
    },
    {
      "time": "2021-08-06T15:51:42.803Z",
      "trade_id": 143109306,
      "price": "2814.93000000",
      "size": "0.02005270",
      "side": "sell"
    },
    {
      "time": "2021-08-06T15:51:42.803Z",
      "trade_id": 143109305,
      "price": "2814.82000000",
      "size": "0.04959480",
      "side": "sell"
    },
    {
      "time": "2021-08-06T15:51:42.658422Z",
      "trade_id": 143109304,
      "price": "2814.37000000",
      "size": "0.34833295",
      "side": "sell"
    },
    {
      "time": "2021-08-06T15:51:42.520817Z",
      "trade_id": 143109303,
      "price": "2814.36000000",
      "size": "1.00000000",
      "side": "buy"
    },
    {
      "time": "2021-08-06T15:51:42.489419Z",
      "trade_id": 143109302,
      "price": "2814.47000000",
      "size": "0.15006372",
      "side": "buy"
    },
    {
      "time": "2021-08-06T15:51:42.366906Z",
      "trade_id": 143109301,
      "price": "2814.44000000",
      "size": "0.28544531",
      "side": "buy"
    },
    {
      "time": "2021-08-06T15:51:42.366906Z",
      "trade_id": 143109300,
      "price": "2814.45000000",
      "size": "0.59472911",
      "side": "buy"
    },
    {
      "time": "2021-08-06T15:51:42.366906Z",
      "trade_id": 143109299,
      "price": "2814.50000000",
      "size": "0.04622960",
      "side": "buy"
    },
    {
      "time": "2021-08-06T15:51:42.366906Z",
      "trade_id": 143109298,
      "price": "2814.52000000",
      "size": "0.07359598",
      "side": "buy"
    },
    {
      "time": "2021-08-06T15:51:41.981175Z",
      "trade_id": 143109297,
      "price": "2814.80000000",
      "size": "0.03863039",
      "side": "buy"
    },
    {
      "time": "2021-08-06T15:51:41.430534Z",
      "trade_id": 143109296,
      "price": "2814.16000000",
      "size": "0.02806312",
      "side": "sell"
    },
    {
      "time": "2021-08-06T15:51:41.430534Z",
      "trade_id": 143109295,
      "price": "2814.16000000",
      "size": "0.01985810",
      "side": "sell"
    },
    {
      "time": "2021-08-06T15:51:40.380036Z",
      "trade_id": 143109294,
      "price": "2814.06000000",
      "size": "0.00800000",
      "side": "buy"
    },
    {
      "time": "2021-08-06T15:51:40.380036Z",
      "trade_id": 143109293,
      "price": "2814.15000000",
      "size": "0.60000000",
      "side": "buy"
    },
    {
      "time": "2021-08-06T15:51:39.798944Z",
      "trade_id": 143109292,
      "price": "2814.26000000",
      "size": "1.75903721",
      "side": "sell"
    },
    {
      "time": "2021-08-06T15:51:39.656636Z",
      "trade_id": 143109291,
      "price": "2814.25000000",
      "size": "0.35395711",
      "side": "buy"
    },
    {
      "time": "2021-08-06T15:51:39.656636Z",
      "trade_id": 143109290,
      "price": "2814.26000000",
      "size": "0.17021223",
      "side": "buy"
    },
    {
      "time": "2021-08-06T15:51:39.541642Z",
      "trade_id": 143109289,
      "price": "2814.40000000",
      "size": "0.00121452",
      "side": "sell"
    },
    {
      "time": "2021-08-06T15:51:39.134604Z",
      "trade_id": 143109288,
      "price": "2813.73000000",
      "size": "0.64000000",
      "side": "buy"
    },
    {
      "time": "2021-08-06T15:51:39.134604Z",
      "trade_id": 143109287,
      "price": "2813.81000000",
      "size": "0.36000000",
      "side": "buy"
    },
    {
      "time": "2021-08-06T15:51:39.023091Z",
      "trade_id": 143109286,
      "price": "2813.83000000",
      "size": "0.05617461",
      "side": "buy"
    },
    {
      "time": "2021-08-06T15:51:39.023091Z",
      "trade_id": 143109285,
      "price": "2813.84000000",
      "size": "0.48444700",
      "side": "buy"
    },
    {
      "time": "2021-08-06T15:51:39.023091Z",
      "trade_id": 143109284,
      "price": "2813.87000000",
      "size": "0.04537839",
      "side": "buy"
    },
    {
      "time": "2021-08-06T15:51:38.699614Z",
      "trade_id": 143109283,
      "price": "2814.34000000",
      "size": "0.01696713",
      "side": "sell"
    },
    {
      "time": "2021-08-06T15:51:38.218554Z",
      "trade_id": 143109282,
      "price": "2813.77000000",
      "size": "0.50641250",
      "side": "buy"
    },
    {
      "time": "2021-08-06T15:51:38.188356Z",
      "trade_id": 143109281,
      "price": "2814.01000000",
      "size": "0.10680835",
      "side": "sell"
    },
    {
      "time": "2021-08-06T15:51:38.180933Z",
      "trade_id": 143109280,
      "price": "2813.74000000",
      "size": "0.53054556",
      "side": "sell"
    },
    {
      "time": "2021-08-06T15:51:37.806681Z",
      "trade_id": 143109279,
      "price": "2813.74000000",
      "size": "0.01756988",
      "side": "sell"
    },
    {
      "time": "2021-08-06T15:51:37.746583Z",
      "trade_id": 143109278,
      "price": "2814.33000000",
      "size": "0.34594738",
      "side": "buy"
    },
    {
      "time": "2021-08-06T15:51:37.746583Z",
      "trade_id": 143109277,
      "price": "2814.33000000",
      "size": "0.65405262",
      "side": "buy"
    },
    {
      "time": "2021-08-06T15:51:37.041643Z",
      "trade_id": 143109276,
      "price": "2814.34000000",
      "size": "0.00654187",
      "side": "sell"
    },
    {
      "time": "2021-08-06T15:51:36.894735Z",
      "trade_id": 143109275,
      "price": "2814.33000000",
      "size": "1.00000000",
      "side": "buy"
    },
    {
      "time": "2021-08-06T15:51:36.749957Z",
      "trade_id": 143109274,
      "price": "2814.34000000",
      "size": "0.35100000",
      "side": "buy"
    },
    {
      "time": "2021-08-06T15:51:36.74255Z",
      "trade_id": 143109273,
      "price": "2814.34000000",
      "size": "0.64900000",
      "side": "buy"
    },
    {
      "time": "2021-08-06T15:51:36.128238Z",
      "trade_id": 143109272,
      "price": "2814.37000000",
      "size": "0.44100000",
      "side": "buy"
    },
    {
      "time": "2021-08-06T15:51:35.960471Z",
      "trade_id": 143109271,
      "price": "2814.35000000",
      "size": "0.40562415",
      "side": "sell"
    },
    {
      "time": "2021-08-06T15:51:35.718667Z",
      "trade_id": 143109270,
      "price": "2814.34000000",
      "size": "2.00000000",
      "side": "buy"
    },
    {
      "time": "2021-08-06T15:51:35.655984Z",
      "trade_id": 143109269,
      "price": "2814.67000000",
      "size": "0.35703379",
      "side": "buy"
    },
    {
      "time": "2021-08-06T15:51:35.156402Z",
      "trade_id": 143109268,
      "price": "2814.67000000",
      "size": "0.89253502",
      "side": "buy"
    },
    {
      "time": "2021-08-06T15:51:35.112577Z",
      "trade_id": 143109267,
      "price": "2814.67000000",
      "size": "0.01784883",
      "side": "buy"
    },
    {
      "time": "2021-08-06T15:51:34.905696Z",
      "trade_id": 143109266,
      "price": "2814.68000000",
      "size": "0.01780000",
      "side": "sell"
    },
    {
      "time": "2021-08-06T15:51:34.838676Z",
      "trade_id": 143109265,
      "price": "2814.68000000",
      "size": "0.00802947",
      "side": "sell"
    },
    {
      "time": "2021-08-06T15:51:34.657115Z",
      "trade_id": 143109264,
      "price": "2814.68000000",
      "size": "0.01696745",
      "side": "sell"
    },
    {
      "time": "2021-08-06T15:51:33.974974Z",
      "trade_id": 143109263,
      "price": "2814.61000000",
      "size": "0.35125152",
      "side": "buy"
    },
    {
      "time": "2021-08-06T15:51:33.974974Z",
      "trade_id": 143109262,
      "price": "2814.69000000",
      "size": "0.64874848",
      "side": "buy"
    },
    {
      "time": "2021-08-06T15:51:32.962344Z",
      "trade_id": 143109261,
      "price": "2814.90000000",
      "size": "0.00104368",
      "side": "sell"
    },
    {
      "time": "2021-08-06T15:51:32.74268Z",
      "trade_id": 143109260,
      "price": "2814.62000000",
      "size": "0.01070816",
      "side": "buy"
    },
    {
      "time": "2021-08-06T15:51:32.695234Z",
      "trade_id": 143109259,
      "price": "2814.84000000",
      "size": "0.00355975",
      "side": "sell"
    },
    {
      "time": "2021-08-06T15:51:32.559147Z",
      "trade_id": 143109258,
      "price": "2814.86000000",
      "size": "1.42157365",
      "side": "sell"
    },
    {
      "time": "2021-08-06T15:51:32.559147Z",
      "trade_id": 143109257,
      "price": "2814.79000000",
      "size": "0.31772862",
      "side": "sell"
    },
    {
      "time": "2021-08-06T15:51:32.559147Z",
      "trade_id": 143109256,
      "price": "2814.77000000",
      "size": "0.31898500",
      "side": "sell"
    },
    {
      "time": "2021-08-06T15:51:32.559147Z",
      "trade_id": 143109255,
      "price": "2814.75000000",
      "size": "0.24578020",
      "side": "sell"
    },
    {
      "time": "2021-08-06T15:51:32.559147Z",
      "trade_id": 143109254,
      "price": "2814.74000000",
      "size": "2.20000000",
      "side": "sell"
    },
    {
      "time": "2021-08-06T15:51:32.559147Z",
      "trade_id": 143109253,
      "price": "2814.44000000",
      "size": "1.00000000",
      "side": "sell"
    },
    {
      "time": "2021-08-06T15:51:32.559147Z",
      "trade_id": 143109252,
      "price": "2814.43000000",
      "size": "0.49593253",
      "side": "sell"
    },
    {
      "time": "2021-08-06T15:51:32.502673Z",
      "trade_id": 143109251,
      "price": "2814.43000000",
      "size": "0.00406747",
      "side": "sell"
    },
    {
      "time": "2021-08-06T15:51:32.386339Z",
      "trade_id": 143109250,
      "price": "2814.42000000",
      "size": "0.01515888",
      "side": "buy"
    },
    {
      "time": "2021-08-06T15:51:32.283034Z",
      "trade_id": 143109249,
      "price": "2814.63000000",
      "size": "0.00654090",
      "side": "sell"
    },
    {
      "time": "2021-08-06T15:51:32.26567Z",
      "trade_id": 143109248,
      "price": "2814.62000000",
      "size": "4.08494135",
      "side": "sell"
    },
    {
      "time": "2021-08-06T15:51:32.26567Z",
      "trade_id": 143109247,
      "price": "2814.60000000",
      "size": "0.01837180",
      "side": "sell"
    },
    {
      "time": "2021-08-06T15:51:32.26567Z",
      "trade_id": 143109246,
      "price": "2814.59000000",
      "size": "0.03021956",
      "side": "sell"
    },
    {
      "time": "2021-08-06T15:51:32.169807Z",
      "trade_id": 143109245,
      "price": "2814.35000000",
      "size": "0.00835858",
      "side": "sell"
    },
    {
      "time": "2021-08-06T15:51:31.829264Z",
      "trade_id": 143109244,
      "price": "2814.38000000",
      "size": "0.00919739",
      "side": "sell"
    },
    {
      "time": "2021-08-06T15:51:31.299798Z",
      "trade_id": 143109243,
      "price": "2814.33000000",
      "size": "0.29612738",
      "side": "buy"
    },
    {
      "time": "2021-08-06T15:51:31.299798Z",
      "trade_id": 143109242,
      "price": "2814.34000000",
      "size": "0.80784536",
      "side": "buy"
    },
    {
      "time": "2021-08-06T15:51:31.299798Z",
      "trade_id": 143109241,
      "price": "2814.52000000",
      "size": "0.39602726",
      "side": "buy"
    },
    {
      "time": "2021-08-06T15:51:31.289376Z",
      "trade_id": 143109240,
      "price": "2814.52000000",
      "size": "0.12998428",
      "side": "buy"
    },
    {
      "time": "2021-08-06T15:51:31.289376Z",
      "trade_id": 143109239,
      "price": "2814.79000000",
      "size": "0.03500000",
      "side": "buy"
    },
    {
      "time": "2021-08-06T15:51:31.289376Z",
      "trade_id": 143109238,
      "price": "2814.88000000",
      "size": "0.02084991",
      "side": "buy"
    },
    {
      "time": "2021-08-06T15:51:31.289376Z",
      "trade_id": 143109237,
      "price": "2815.00000000",
      "size": "0.81416581",
      "side": "buy"
    },
    {
      "time": "2021-08-06T15:51:31.288374Z",
      "trade_id": 143109236,
      "price": "2815.00000000",
      "size": "0.15000000",
      "side": "buy"
    },
    {
      "time": "2021-08-06T15:51:31.278278Z",
      "trade_id": 143109235,
      "price": "2815.00000000",
      "size": "1.45178753",
      "side": "buy"
    },
    {
      "time": "2021-08-06T15:51:31.278056Z",
      "trade_id": 143109234,
      "price": "2815.00000000",
      "size": "0.10000000",
      "side": "buy"
    },
    {
      "time": "2021-08-06T15:51:31.274042Z",
      "trade_id": 143109233,
      "price": "2815.00000000",
      "size": "0.40000000",
      "side": "buy"
    },
    {
      "time": "2021-08-06T15:51:31.26939Z",
      "trade_id": 143109232,
      "price": "2815.00000000",
      "size": "0.25000000",
      "side": "buy"
    },
    {
      "time": "2021-08-06T15:51:31.265654Z",
      "trade_id": 143109231,
      "price": "2815.00000000",
      "size": "0.50000000",
      "side": "buy"
    },
    {
      "time": "2021-08-06T15:51:31.265616Z",
      "trade_id": 143109230,
      "price": "2815.00000000",
      "size": "3.33404666",
      "side": "buy"
    },
    {
      "time": "2021-08-06T15:51:31.265616Z",
      "trade_id": 143109229,
      "price": "2815.00000000",
      "size": "0.54917426",
      "side": "buy"
    },
    {
      "time": "2021-08-06T15:51:31.257156Z",
      "trade_id": 143109228,
      "price": "2815.00000000",
      "size": "0.46400000",
      "side": "buy"
    },
    {
      "time": "2021-08-06T15:51:31.110811Z",
      "trade_id": 143109227,
      "price": "2815.01000000",
      "size": "0.00390571",
      "side": "sell"
    },
    {
      "time": "2021-08-06T15:51:30.849701Z",
      "trade_id": 143109226,
      "price": "2815.01000000",
      "size": "0.02014566",
      "side": "sell"
    },
    {
      "time": "2021-08-06T15:51:30.722555Z",
      "trade_id": 143109225,
      "price": "2815.00000000",
      "size": "0.35600000",
      "side": "buy"
    },
    {
      "time": "2021-08-06T15:51:30.124238Z",
      "trade_id": 143109224,
      "price": "2815.00000000",
      "size": "0.63082574",
      "side": "buy"
    },
    {
      "time": "2021-08-06T15:51:30.124238Z",
      "trade_id": 143109223,
      "price": "2815.02000000",
      "size": "0.36917426",
      "side": "buy"
    },
    {
      "time": "2021-08-06T15:51:30.023434Z",
      "trade_id": 143109222,
      "price": "2815.03000000",
      "size": "2.24025670",
      "side": "buy"
    },
    {
      "time": "2021-08-06T15:51:30.023434Z",
      "trade_id": 143109221,
      "price": "2815.38000000",
      "size": "0.00009719",
      "side": "buy"
    },
    {
      "time": "2021-08-06T15:51:29.711901Z",
      "trade_id": 143109220,
      "price": "2815.39000000",
      "size": "0.00233917",
      "side": "sell"
    },
    {
      "time": "2021-08-06T15:51:29.586827Z",
      "trade_id": 143109219,
      "price": "2815.39000000",
      "size": "2.60705630",
      "side": "sell"
    },
    {
      "time": "2021-08-06T15:51:29.341639Z",
      "trade_id": 143109218,
      "price": "2815.39000000",
      "size": "3.00000000",
      "side": "sell"
    },
    {
      "time": "2021-08-06T15:51:28.991108Z",
      "trade_id": 143109217,
      "price": "2815.39000000",
      "size": "0.43384609",
      "side": "sell"
    },
    {
      "time": "2021-08-06T15:51:28.991108Z",
      "trade_id": 143109216,
      "price": "2815.39000000",
      "size": "1.00000000",
      "side": "sell"
    },
    {
      "time": "2021-08-06T15:51:28.856856Z",
      "trade_id": 143109215,
      "price": "2815.38000000",
      "size": "0.04300000",
      "side": "buy"
    },
    {
      "time": "2021-08-06T15:51:28.834942Z",
      "trade_id": 143109214,
      "price": "2815.38000000",
      "size": "0.00269495",
      "side": "buy"
    },
    {
      "time": "2021-08-06T15:51:28.465749Z",
      "trade_id": 143109213,
      "price": "2815.39000000",
      "size": "0.07010000",
      "side": "sell"
    },
    {
      "time": "2021-08-06T15:51:28.186455Z",
      "trade_id": 143109212,
      "price": "2815.39000000",
      "size": "0.01118112",
      "side": "sell"
    },
    {
      "time": "2021-08-06T15:51:27.507343Z",
      "trade_id": 143109211,
      "price": "2815.39000000",
      "size": "0.02368038",
      "side": "sell"
    },
    {
      "time": "2021-08-06T15:51:27.211715Z",
      "trade_id": 143109210,
      "price": "2815.39000000",
      "size": "0.07258672",
      "side": "sell"
    },
    {
      "time": "2021-08-06T15:51:27.142446Z",
      "trade_id": 143109209,
      "price": "2815.50000000",
      "size": "2.67534764",
      "side": "buy"
    },
    {
      "time": "2021-08-06T15:51:26.396578Z",
      "trade_id": 143109208,
      "price": "2815.51000000",
      "size": "0.00760133",
      "side": "sell"
    },
    {
      "time": "2021-08-06T15:51:26.080949Z",
      "trade_id": 143109207,
      "price": "2815.83000000",
      "size": "0.75671703",
      "side": "sell"
    },
    {
      "time": "2021-08-06T15:51:25.737499Z",
      "trade_id": 143109206,
      "price": "2815.51000000",
      "size": "0.00101872",
      "side": "sell"
    },
    {
      "time": "2021-08-06T15:51:25.54855Z",
      "trade_id": 143109205,
      "price": "2815.51000000",
      "size": "0.03398013",
      "side": "sell"
    },
    {
      "time": "2021-08-06T15:51:25.382927Z",
      "trade_id": 143109204,
      "price": "2815.50000000",
      "size": "0.00213180",
      "side": "buy"
    },
    {
      "time": "2021-08-06T15:51:25.238131Z",
      "trade_id": 143109203,
      "price": "2815.51000000",
      "size": "0.01696648",
      "side": "sell"
    },
    {
      "time": "2021-08-06T15:51:24.902855Z",
      "trade_id": 143109202,
      "price": "2815.51000000",
      "size": "0.20373846",
      "side": "sell"
    },
    {
      "time": "2021-08-06T15:51:24.902855Z",
      "trade_id": 143109201,
      "price": "2815.51000000",
      "size": "0.31853644",
      "side": "sell"
    },
    {
      "time": "2021-08-06T15:51:24.426005Z",
      "trade_id": 143109200,
      "price": "2815.51000000",
      "size": "0.03074180",
      "side": "sell"
    },
    {
      "time": "2021-08-06T15:51:24.360025Z",
      "trade_id": 143109199,
      "price": "2815.51000000",
      "size": "0.01072176",
      "side": "sell"
    },
    {
      "time": "2021-08-06T15:51:24.016544Z",
      "trade_id": 143109198,
      "price": "2815.55000000",
      "size": "0.05312205",
      "side": "buy"
    },
    {
      "time": "2021-08-06T15:51:23.301168Z",
      "trade_id": 143109197,
      "price": "2815.74000000",
      "size": "0.06000000",
      "side": "sell"
    },
    {
      "time": "2021-08-06T15:51:23.146455Z",
      "trade_id": 143109196,
      "price": "2815.52000000",
      "size": "0.26559739",
      "side": "buy"
    },
    {
      "time": "2021-08-06T15:51:23.146455Z",
      "trade_id": 143109195,
      "price": "2815.53000000",
      "size": "0.11440000",
      "side": "buy"
    },
    {
      "time": "2021-08-06T15:51:22.979539Z",
      "trade_id": 143109194,
      "price": "2815.51000000",
      "size": "0.01696822",
      "side": "sell"
    },
    {
      "time": "2021-08-06T15:51:22.833883Z",
      "trade_id": 143109193,
      "price": "2815.50000000",
      "size": "0.23838445",
      "side": "buy"
    },
    {
      "time": "2021-08-06T15:51:22.47757Z",
      "trade_id": 143109192,
      "price": "2815.51000000",
      "size": "0.50000000",
      "side": "sell"
    },
    {
      "time": "2021-08-06T15:51:22.393663Z",
      "trade_id": 143109191,
      "price": "2815.51000000",
      "size": "0.12992664",
      "side": "sell"
    },
    {
      "time": "2021-08-06T15:51:22.38936Z",
      "trade_id": 143109190,
      "price": "2815.51000000",
      "size": "0.02684557",
      "side": "sell"
    },
    {
      "time": "2021-08-06T15:51:21.743431Z",
      "trade_id": 143109189,
      "price": "2815.47000000",
      "size": "0.02129988",
      "side": "buy"
    },
    {
      "time": "2021-08-06T15:51:21.129022Z",
      "trade_id": 143109188,
      "price": "2815.68000000",
      "size": "0.54267868",
      "side": "buy"
    },
    {
      "time": "2021-08-06T15:51:20.758368Z",
      "trade_id": 143109187,
      "price": "2815.68000000",
      "size": "2.00000000",
      "side": "buy"
    },
    {
      "time": "2021-08-06T15:51:20.698997Z",
      "trade_id": 143109186,
      "price": "2815.69000000",
      "size": "0.50000000",
      "side": "sell"
    },
    {
      "time": "2021-08-06T15:51:20.473301Z",
      "trade_id": 143109185,
      "price": "2815.69000000",
      "size": "0.00108773",
      "side": "sell"
    },
    {
      "time": "2021-08-06T15:51:19.943341Z",
      "trade_id": 143109184,
      "price": "2815.92000000",
      "size": "1.06324468",
      "side": "sell"
    },
    {
      "time": "2021-08-06T15:51:19.834045Z",
      "trade_id": 143109183,
      "price": "2815.69000000",
      "size": "0.01696648",
      "side": "sell"
    },
    {
      "time": "2021-08-06T15:51:19.540749Z",
      "trade_id": 143109182,
      "price": "2815.62000000",
      "size": "0.00167111",
      "side": "buy"
    },
    {
      "time": "2021-08-06T15:51:19.510189Z",
      "trade_id": 143109181,
      "price": "2815.62000000",
      "size": "0.09670959",
      "side": "buy"
    },
    {
      "time": "2021-08-06T15:51:19.323796Z",
      "trade_id": 143109180,
      "price": "2815.53000000",
      "size": "0.01583817",
      "side": "buy"
    },
    {
      "time": "2021-08-06T15:51:18.907384Z",
      "trade_id": 143109179,
      "price": "2815.60000000",
      "size": "0.10449338",
      "side": "buy"
    },
    {
      "time": "2021-08-06T15:51:18.580278Z",
      "trade_id": 143109178,
      "price": "2816.01000000",
      "size": "0.27419040",
      "side": "sell"
    },
    {
      "time": "2021-08-06T15:51:18.463658Z",
      "trade_id": 143109177,
      "price": "2815.84000000",
      "size": "0.35900302",
      "side": "sell"
    },
    {
      "time": "2021-08-06T15:51:18.463658Z",
      "trade_id": 143109176,
      "price": "2815.83000000",
      "size": "1.00000000",
      "side": "sell"
    },
    {
      "time": "2021-08-06T15:51:18.463658Z",
      "trade_id": 143109175,
      "price": "2815.82000000",
      "size": "0.39148014",
      "side": "sell"
    },
    {
      "time": "2021-08-06T15:51:18.463658Z",
      "trade_id": 143109174,
      "price": "2815.82000000",
      "size": "0.08291986",
      "side": "sell"
    },
    {
      "time": "2021-08-06T15:51:18.463658Z",
      "trade_id": 143109173,
      "price": "2815.61000000",
      "size": "0.50000000",
      "side": "sell"
    },
    {
      "time": "2021-08-06T15:51:18.463658Z",
      "trade_id": 143109172,
      "price": "2815.61000000",
      "size": "1.00000000",
      "side": "sell"
    },
    {
      "time": "2021-08-06T15:51:18.150308Z",
      "trade_id": 143109171,
      "price": "2815.60000000",
      "size": "0.04956823",
      "side": "buy"
    },
    {
      "time": "2021-08-06T15:51:17.980459Z",
      "trade_id": 143109170,
      "price": "2815.53000000",
      "size": "0.06489439",
      "side": "buy"
    },
    {
      "time": "2021-08-06T15:51:17.545354Z",
      "trade_id": 143109169,
      "price": "2815.13000000",
      "size": "0.35520300",
      "side": "sell"
    },
    {
      "time": "2021-08-06T15:51:17.11656Z",
      "trade_id": 143109168,
      "price": "2815.13000000",
      "size": "0.52560000",
      "side": "buy"
    },
    {
      "time": "2021-08-06T15:51:17.11656Z",
      "trade_id": 143109167,
      "price": "2815.13000000",
      "size": "0.47440000",
      "side": "buy"
    },
    {
      "time": "2021-08-06T15:51:17.050861Z",
      "trade_id": 143109166,
      "price": "2815.61000000",
      "size": "0.16500000",
      "side": "buy"
    },
    {
      "time": "2021-08-06T15:51:16.741838Z",
      "trade_id": 143109165,
      "price": "2815.62000000",
      "size": "0.54000000",
      "side": "sell"
    },
    {
      "time": "2021-08-06T15:51:16.390016Z",
      "trade_id": 143109164,
      "price": "2815.86000000",
      "size": "0.24654832",
      "side": "buy"
    },
    {
      "time": "2021-08-06T15:51:16.226374Z",
      "trade_id": 143109163,
      "price": "2816.45000000",
      "size": "0.03428817",
      "side": "sell"
    },
    {
      "time": "2021-08-06T15:51:16.015558Z",
      "trade_id": 143109162,
      "price": "2816.25000000",
      "size": "0.06716524",
      "side": "sell"
    },
    {
      "time": "2021-08-06T15:51:16.015558Z",
      "trade_id": 143109161,
      "price": "2816.03000000",
      "size": "0.50000000",
      "side": "sell"
    },
    {
      "time": "2021-08-06T15:51:16.015558Z",
      "trade_id": 143109160,
      "price": "2816.02000000",
      "size": "1.00000000",
      "side": "sell"
    },
    {
      "time": "2021-08-06T15:51:15.183245Z",
      "trade_id": 143109159,
      "price": "2815.81000000",
      "size": "0.10000000",
      "side": "sell"
    },
    {
      "time": "2021-08-06T15:51:14.882908Z",
      "trade_id": 143109158,
      "price": "2816.64000000",
      "size": "1.88630793",
      "side": "sell"
    },
    {
      "time": "2021-08-06T15:51:14.882908Z",
      "trade_id": 143109157,
      "price": "2816.57000000",
      "size": "1.00000000",
      "side": "sell"
    },
    {
      "time": "2021-08-06T15:51:14.882908Z",
      "trade_id": 143109156,
      "price": "2816.34000000",
      "size": "0.05132025",
      "side": "sell"
    },
    {
      "time": "2021-08-06T15:51:14.882908Z",
      "trade_id": 143109155,
      "price": "2816.31000000",
      "size": "0.03918344",
      "side": "sell"
    },
    {
      "time": "2021-08-06T15:51:14.882908Z",
      "trade_id": 143109154,
      "price": "2816.24000000",
      "size": "0.55594480",
      "side": "sell"
    },
    {
      "time": "2021-08-06T15:51:14.882908Z",
      "trade_id": 143109153,
      "price": "2816.22000000",
      "size": "0.45984358",
      "side": "sell"
    },
    {
      "time": "2021-08-06T15:51:14.882908Z",
      "trade_id": 143109152,
      "price": "2816.20000000",
      "size": "0.47440000",
      "side": "sell"
    },
    {
      "time": "2021-08-06T15:51:14.876254Z",
      "trade_id": 143109151,
      "price": "2816.22000000",
      "size": "0.03149242",
      "side": "sell"
    },
    {
      "time": "2021-08-06T15:51:14.863993Z",
      "trade_id": 143109150,
      "price": "2816.07000000",
      "size": "0.50990079",
      "side": "sell"
    },
    {
      "time": "2021-08-06T15:51:14.863993Z",
      "trade_id": 143109149,
      "price": "2815.81000000",
      "size": "0.50000000",
      "side": "sell"
    },
    {
      "time": "2021-08-06T15:51:14.574565Z",
      "trade_id": 143109148,
      "price": "2815.81000000",
      "size": "0.00830916",
      "side": "sell"
    },
    {
      "time": "2021-08-06T15:51:13.535204Z",
      "trade_id": 143109147,
      "price": "2815.84000000",
      "size": "0.00831128",
      "side": "sell"
    },
    {
      "time": "2021-08-06T15:51:12.97782Z",
      "trade_id": 143109146,
      "price": "2815.96000000",
      "size": "0.34232997",
      "side": "sell"
    },
    {
      "time": "2021-08-06T15:51:12.97782Z",
      "trade_id": 143109145,
      "price": "2815.95000000",
      "size": "0.02315528",
      "side": "sell"
    },
    {
      "time": "2021-08-06T15:51:12.500717Z",
      "trade_id": 143109144,
      "price": "2815.79000000",
      "size": "0.02821559",
      "side": "buy"
    },
    {
      "time": "2021-08-06T15:51:12.496465Z",
      "trade_id": 143109143,
      "price": "2815.75000000",
      "size": "0.93227287",
      "side": "buy"
    },
    {
      "time": "2021-08-06T15:51:12.478604Z",
      "trade_id": 143109142,
      "price": "2816.04000000",
      "size": "0.00318036",
      "side": "sell"
    },
    {
      "time": "2021-08-06T15:51:12.357145Z",
      "trade_id": 143109141,
      "price": "2816.03000000",
      "size": "0.20000000",
      "side": "buy"
    },
    {
      "time": "2021-08-06T15:51:12.168581Z",
      "trade_id": 143109140,
      "price": "2815.69000000",
      "size": "0.00307667",
      "side": "buy"
    },
    {
      "time": "2021-08-06T15:51:11.939872Z",
      "trade_id": 143109139,
      "price": "2816.24000000",
      "size": "3.24105866",
      "side": "buy"
    },
    {
      "time": "2021-08-06T15:51:11.743785Z",
      "trade_id": 143109138,
      "price": "2816.25000000",
      "size": "0.01697196",
      "side": "sell"
    },
    {
      "time": "2021-08-06T15:51:11.73958Z",
      "trade_id": 143109137,
      "price": "2816.25000000",
      "size": "0.03398592",
      "side": "sell"
    },
    {
      "time": "2021-08-06T15:51:11.589699Z",
      "trade_id": 143109136,
      "price": "2816.25000000",
      "size": "0.02339200",
      "side": "sell"
    },
    {
      "time": "2021-08-06T15:51:11.503008Z",
      "trade_id": 143109135,
      "price": "2816.25000000",
      "size": "0.44475080",
      "side": "sell"
    },
    {
      "time": "2021-08-06T15:51:11.503008Z",
      "trade_id": 143109134,
      "price": "2816.25000000",
      "size": "0.20612965",
      "side": "sell"
    },
    {
      "time": "2021-08-06T15:51:11.438422Z",
      "trade_id": 143109133,
      "price": "2816.25000000",
      "size": "0.01108500",
      "side": "sell"
    },
    {
      "time": "2021-08-06T15:51:11.41967Z",
      "trade_id": 143109132,
      "price": "2816.25000000",
      "size": "0.02650978",
      "side": "sell"
    },
    {
      "time": "2021-08-06T15:51:11.399789Z",
      "trade_id": 143109131,
      "price": "2816.25000000",
      "size": "0.11627557",
      "side": "sell"
    },
    {
      "time": "2021-08-06T15:51:11.113505Z",
      "trade_id": 143109130,
      "price": "2816.31000000",
      "size": "0.04105279",
      "side": "sell"
    },
    {
      "time": "2021-08-06T15:51:10.570309Z",
      "trade_id": 143109129,
      "price": "2816.30000000",
      "size": "0.00355066",
      "side": "buy"
    },
    {
      "time": "2021-08-06T15:51:09.298327Z",
      "trade_id": 143109128,
      "price": "2816.30000000",
      "size": "1.47018322",
      "side": "buy"
    },
    {
      "time": "2021-08-06T15:51:09.255354Z",
      "trade_id": 143109127,
      "price": "2816.31000000",
      "size": "0.40566919",
      "side": "sell"
    },
    {
      "time": "2021-08-06T15:51:08.786884Z",
      "trade_id": 143109126,
      "price": "2816.24000000",
      "size": "0.10073000",
      "side": "buy"
    },
    {
      "time": "2021-08-06T15:51:07.760605Z",
      "trade_id": 143109125,
      "price": "2816.62000000",
      "size": "0.10000000",
      "side": "buy"
    },
    {
      "time": "2021-08-06T15:51:07.557345Z",
      "trade_id": 143109124,
      "price": "2816.88000000",
      "size": "0.91645431",
      "side": "sell"
    },
    {
      "time": "2021-08-06T15:51:07.557345Z",
      "trade_id": 143109123,
      "price": "2816.86000000",
      "size": "0.22605504",
      "side": "sell"
    },
    {
      "time": "2021-08-06T15:51:07.557345Z",
      "trade_id": 143109122,
      "price": "2816.80000000",
      "size": "0.60000000",
      "side": "sell"
    },
    {
      "time": "2021-08-06T15:51:07.514638Z",
      "trade_id": 143109121,
      "price": "2816.42000000",
      "size": "1.22877875",
      "side": "buy"
    },
    {
      "time": "2021-08-06T15:51:07.514638Z",
      "trade_id": 143109120,
      "price": "2816.43000000",
      "size": "0.36904681",
      "side": "buy"
    },
    {
      "time": "2021-08-06T15:51:07.514638Z",
      "trade_id": 143109119,
      "price": "2816.43000000",
      "size": "0.62214240",
      "side": "buy"
    },
    {
      "time": "2021-08-06T15:51:07.442638Z",
      "trade_id": 143109118,
      "price": "2816.24000000",
      "size": "2.50400000",
      "side": "sell"
    },
    {
      "time": "2021-08-06T15:51:07.442638Z",
      "trade_id": 143109117,
      "price": "2816.24000000",
      "size": "0.50000000",
      "side": "sell"
    },
    {
      "time": "2021-08-06T15:51:07.380202Z",
      "trade_id": 143109116,
      "price": "2816.84000000",
      "size": "2.87923929",
      "side": "sell"
    },
    {
      "time": "2021-08-06T15:51:07.380202Z",
      "trade_id": 143109115,
      "price": "2816.83000000",
      "size": "0.02949848",
      "side": "sell"
    },
    {
      "time": "2021-08-06T15:51:07.380202Z",
      "trade_id": 143109114,
      "price": "2816.76000000",
      "size": "2.20000000",
      "side": "sell"
    },
    {
      "time": "2021-08-06T15:51:07.380202Z",
      "trade_id": 143109113,
      "price": "2816.72000000",
      "size": "0.04726223",
      "side": "sell"
    },
    {
      "time": "2021-08-06T15:51:07.380202Z",
      "trade_id": 143109112,
      "price": "2816.35000000",
      "size": "1.00000000",
      "side": "sell"
    },
    {
      "time": "2021-08-06T15:51:07.249612Z",
      "trade_id": 143109111,
      "price": "2816.06000000",
      "size": "0.07101327",
      "side": "buy"
    },
    {
      "time": "2021-08-06T15:51:06.938987Z",
      "trade_id": 143109110,
      "price": "2816.83000000",
      "size": "0.40474669",
      "side": "sell"
    },
    {
      "time": "2021-08-06T15:51:06.938987Z",
      "trade_id": 143109109,
      "price": "2816.79000000",
      "size": "2.20000000",
      "side": "sell"
    },
    {
      "time": "2021-08-06T15:51:06.938987Z",
      "trade_id": 143109108,
      "price": "2816.78000000",
      "size": "1.85525331",
      "side": "sell"
    },
    {
      "time": "2021-08-06T15:51:06.502004Z",
      "trade_id": 143109107,
      "price": "2816.71000000",
      "size": "0.25747057",
      "side": "sell"
    },
    {
      "time": "2021-08-06T15:51:06.502004Z",
      "trade_id": 143109106,
      "price": "2816.71000000",
      "size": "1.00000000",
      "side": "sell"
    },
    {
      "time": "2021-08-06T15:51:06.502004Z",
      "trade_id": 143109105,
      "price": "2816.68000000",
      "size": "0.04450463",
      "side": "sell"
    },
    {
      "time": "2021-08-06T15:51:06.502004Z",
      "trade_id": 143109104,
      "price": "2816.65000000",
      "size": "1.69828889",
      "side": "sell"
    },
    {
      "time": "2021-08-06T15:51:06.502004Z",
      "trade_id": 143109103,
      "price": "2816.60000000",
      "size": "0.46973591",
      "side": "sell"
    },
    {
      "time": "2021-08-06T15:51:06.502004Z",
      "trade_id": 143109102,
      "price": "2816.25000000",
      "size": "1.00000000",
      "side": "sell"
    },
    {
      "time": "2021-08-06T15:51:06.418442Z",
      "trade_id": 143109101,
      "price": "2816.60000000",
      "size": "0.24026409",
      "side": "sell"
    },
    {
      "time": "2021-08-06T15:51:06.212792Z",
      "trade_id": 143109100,
      "price": "2816.46000000",
      "size": "0.69934862",
      "side": "sell"
    },
    {
      "time": "2021-08-06T15:51:06.212792Z",
      "trade_id": 143109099,
      "price": "2816.08000000",
      "size": "1.00000000",
      "side": "sell"
    },
    {
      "time": "2021-08-06T15:51:06.14824Z",
      "trade_id": 143109098,
      "price": "2816.46000000",
      "size": "0.29178035",
      "side": "sell"
    },
    {
      "time": "2021-08-06T15:51:06.14824Z",
      "trade_id": 143109097,
      "price": "2816.45000000",
      "size": "0.05655136",
      "side": "sell"
    },
    {
      "time": "2021-08-06T15:51:05.921047Z",
      "trade_id": 143109096,
      "price": "2816.46000000",
      "size": "0.77053627",
      "side": "sell"
    },
    {
      "time": "2021-08-06T15:51:05.921047Z",
      "trade_id": 143109095,
      "price": "2816.45000000",
      "size": "2.20000000",
      "side": "sell"
    },
    {
      "time": "2021-08-06T15:51:05.921047Z",
      "trade_id": 143109094,
      "price": "2816.44000000",
      "size": "0.06706373",
      "side": "sell"
    },
    {
      "time": "2021-08-06T15:51:05.921047Z",
      "trade_id": 143109093,
      "price": "2816.43000000",
      "size": "0.95800000",
      "side": "sell"
    },
    {
      "time": "2021-08-06T15:51:05.921047Z",
      "trade_id": 143109092,
      "price": "2816.43000000",
      "size": "0.47440000",
      "side": "sell"
    },
    {
      "time": "2021-08-06T15:51:05.278729Z",
      "trade_id": 143109091,
      "price": "2815.57000000",
      "size": "0.03399462",
      "side": "sell"
    },
    {
      "time": "2021-08-06T15:51:05.122337Z",
      "trade_id": 143109090,
      "price": "2815.20000000",
      "size": "0.03958314",
      "side": "buy"
    },
    {
      "time": "2021-08-06T15:51:05.122337Z",
      "trade_id": 143109089,
      "price": "2815.20000000",
      "size": "0.04941686",
      "side": "buy"
    },
    {
      "time": "2021-08-06T15:51:05.098685Z",
      "trade_id": 143109088,
      "price": "2815.21000000",
      "size": "0.35517400",
      "side": "sell"
    },
    {
      "time": "2021-08-06T15:51:04.848592Z",
      "trade_id": 143109087,
      "price": "2815.43000000",
      "size": "1.00258430",
      "side": "buy"
    },
    {
      "time": "2021-08-06T15:51:04.23517Z",
      "trade_id": 143109086,
      "price": "2815.55000000",
      "size": "0.00530105",
      "side": "sell"
    },
    {
      "time": "2021-08-06T15:51:03.80086Z",
      "trade_id": 143109085,
      "price": "2815.18000000",
      "size": "0.00104470",
      "side": "sell"
    },
    {
      "time": "2021-08-06T15:51:03.550255Z",
      "trade_id": 143109084,
      "price": "2815.18000000",
      "size": "0.00831100",
      "side": "sell"
    },
    {
      "time": "2021-08-06T15:51:03.399543Z",
      "trade_id": 143109083,
      "price": "2814.94000000",
      "size": "0.95830107",
      "side": "buy"
    },
    {
      "time": "2021-08-06T15:51:03.399543Z",
      "trade_id": 143109082,
      "price": "2814.94000000",
      "size": "0.04169893",
      "side": "buy"
    },
    {
      "time": "2021-08-06T15:51:02.979526Z",
      "trade_id": 143109081,
      "price": "2814.95000000",
      "size": "0.03399341",
      "side": "sell"
    },
    {
      "time": "2021-08-06T15:51:02.774504Z",
      "trade_id": 143109080,
      "price": "2814.95000000",
      "size": "0.03000000",
      "side": "sell"
    },
    {
      "time": "2021-08-06T15:51:02.490435Z",
      "trade_id": 143109079,
      "price": "2814.95000000",
      "size": "0.03428902",
      "side": "sell"
    },
    {
      "time": "2021-08-06T15:51:02.204048Z",
      "trade_id": 143109078,
      "price": "2814.95000000",
      "size": "0.57446146",
      "side": "sell"
    },
    {
      "time": "2021-08-06T15:51:02.204048Z",
      "trade_id": 143109077,
      "price": "2814.95000000",
      "size": "0.47053366",
      "side": "sell"
    },
    {
      "time": "2021-08-06T15:51:02.128262Z",
      "trade_id": 143109076,
      "price": "2814.95000000",
      "size": "0.03427331",
      "side": "sell"
    },
    {
      "time": "2021-08-06T15:51:01.740282Z",
      "trade_id": 143109075,
      "price": "2815.16000000",
      "size": "0.03399462",
      "side": "sell"
    },
    {
      "time": "2021-08-06T15:51:00.661689Z",
      "trade_id": 143109074,
      "price": "2814.95000000",
      "size": "0.00141737",
      "side": "sell"
    },
    {
      "time": "2021-08-06T15:51:00.441873Z",
      "trade_id": 143109073,
      "price": "2814.94000000",
      "size": "0.01954613",
      "side": "sell"
    },
    {
      "time": "2021-08-06T15:51:00.079622Z",
      "trade_id": 143109072,
      "price": "2814.99000000",
      "size": "0.00935276",
      "side": "buy"
    },
    {
      "time": "2021-08-06T15:50:59.746636Z",
      "trade_id": 143109071,
      "price": "2814.99000000",
      "size": "0.05287648",
      "side": "buy"
    },
    {
      "time": "2021-08-06T15:50:59.321126Z",
      "trade_id": 143109070,
      "price": "2815.05000000",
      "size": "0.06827417",
      "side": "sell"
    },
    {
      "time": "2021-08-06T15:50:58.883118Z",
      "trade_id": 143109069,
      "price": "2815.58000000",
      "size": "0.01650729",
      "side": "sell"
    },
    {
      "time": "2021-08-06T15:50:58.819315Z",
      "trade_id": 143109068,
      "price": "2815.33000000",
      "size": "0.17753318",
      "side": "buy"
    },
    {
      "time": "2021-08-06T15:50:58.529465Z",
      "trade_id": 143109067,
      "price": "2815.37000000",
      "size": "0.17408730",
      "side": "sell"
    },
    {
      "time": "2021-08-06T15:50:58.144777Z",
      "trade_id": 143109066,
      "price": "2815.54000000",
      "size": "0.00278613",
      "side": "sell"
    },
    {
      "time": "2021-08-06T15:50:57.651508Z",
      "trade_id": 143109065,
      "price": "2815.34000000",
      "size": "0.01800000",
      "side": "sell"
    },
    {
      "time": "2021-08-06T15:50:57.220102Z",
      "trade_id": 143109064,
      "price": "2815.00000000",
      "size": "0.00830981",
      "side": "sell"
    },
    {
      "time": "2021-08-06T15:50:56.801346Z",
      "trade_id": 143109063,
      "price": "2814.99000000",
      "size": "0.37676406",
      "side": "buy"
    },
    {
      "time": "2021-08-06T15:50:56.729856Z",
      "trade_id": 143109062,
      "price": "2815.00000000",
      "size": "1.04499512",
      "side": "sell"
    },
    {
      "time": "2021-08-06T15:50:56.650533Z",
      "trade_id": 143109061,
      "price": "2814.99000000",
      "size": "0.06342523",
      "side": "buy"
    },
    {
      "time": "2021-08-06T15:50:55.847946Z",
      "trade_id": 143109060,
      "price": "2815.02000000",
      "size": "3.07407455",
      "side": "sell"
    },
    {
      "time": "2021-08-06T15:50:55.847946Z",
      "trade_id": 143109059,
      "price": "2815.00000000",
      "size": "3.00000000",
      "side": "sell"
    },
    {
      "time": "2021-08-06T15:50:55.847946Z",
      "trade_id": 143109058,
      "price": "2815.00000000",
      "size": "2.19100000",
      "side": "sell"
    },
    {
      "time": "2021-08-06T15:50:55.847946Z",
      "trade_id": 143109057,
      "price": "2815.00000000",
      "size": "8.30000000",
      "side": "sell"
    },
    {
      "time": "2021-08-06T15:50:55.847946Z",
      "trade_id": 143109056,
      "price": "2815.00000000",
      "size": "1.07000000",
      "side": "sell"
    },
    {
      "time": "2021-08-06T15:50:55.847946Z",
      "trade_id": 143109055,
      "price": "2815.00000000",
      "size": "2.36492545",
      "side": "sell"
    },
    {
      "time": "2021-08-06T15:50:55.439651Z",
      "trade_id": 143109054,
      "price": "2815.00000000",
      "size": "0.13907455",
      "side": "sell"
    },
    {
      "time": "2021-08-06T15:50:54.940654Z",
      "trade_id": 143109053,
      "price": "2815.98000000",
      "size": "0.22095804",
      "side": "sell"
    },
    {
      "time": "2021-08-06T15:50:54.940654Z",
      "trade_id": 143109052,
      "price": "2815.97000000",
      "size": "2.20000000",
      "side": "sell"
    },
    {
      "time": "2021-08-06T15:50:54.940654Z",
      "trade_id": 143109051,
      "price": "2815.94000000",
      "size": "0.47440000",
      "side": "sell"
    },
    {
      "time": "2021-08-06T15:50:54.940654Z",
      "trade_id": 143109050,
      "price": "2815.93000000",
      "size": "0.36464196",
      "side": "sell"
    },
    {
      "time": "2021-08-06T15:50:54.940654Z",
      "trade_id": 143109049,
      "price": "2815.83000000",
      "size": "1.20000000",
      "side": "sell"
    },
    {
      "time": "2021-08-06T15:50:54.462819Z",
      "trade_id": 143109048,
      "price": "2815.90000000",
      "size": "0.44379844",
      "side": "sell"
    },
    {
      "time": "2021-08-06T15:50:54.462819Z",
      "trade_id": 143109047,
      "price": "2815.89000000",
      "size": "0.47440000",
      "side": "sell"
    },
    {
      "time": "2021-08-06T15:50:54.462819Z",
      "trade_id": 143109046,
      "price": "2815.80000000",
      "size": "0.28180156",
      "side": "sell"
    },
    {
      "time": "2021-08-06T15:50:54.295064Z",
      "trade_id": 143109045,
      "price": "2815.63000000",
      "size": "0.03427648",
      "side": "sell"
    },
    {
      "time": "2021-08-06T15:50:53.89145Z",
      "trade_id": 143109044,
      "price": "2815.00000000",
      "size": "0.78618809",
      "side": "sell"
    },
    {
      "time": "2021-08-06T15:50:53.87287Z",
      "trade_id": 143109043,
      "price": "2815.00000000",
      "size": "0.00923383",
      "side": "sell"
    },
    {
      "time": "2021-08-06T15:50:53.863631Z",
      "trade_id": 143109042,
      "price": "2815.00000000",
      "size": "0.20000000",
      "side": "sell"
    },
    {
      "time": "2021-08-06T15:50:53.863507Z",
      "trade_id": 143109041,
      "price": "2815.00000000",
      "size": "2.90503553",
      "side": "sell"
    },
    {
      "time": "2021-08-06T15:50:53.849037Z",
      "trade_id": 143109040,
      "price": "2815.00000000",
      "size": "2.74980461",
      "side": "sell"
    },
    {
      "time": "2021-08-06T15:50:53.841429Z",
      "trade_id": 143109039,
      "price": "2815.00000000",
      "size": "0.39600000",
      "side": "sell"
    },
    {
      "time": "2021-08-06T15:50:53.819608Z",
      "trade_id": 143109038,
      "price": "2815.00000000",
      "size": "0.20000000",
      "side": "sell"
    },
    {
      "time": "2021-08-06T15:50:53.812826Z",
      "trade_id": 143109037,
      "price": "2815.00000000",
      "size": "2.34997513",
      "side": "sell"
    },
    {
      "time": "2021-08-06T15:50:53.808117Z",
      "trade_id": 143109036,
      "price": "2815.00000000",
      "size": "7.71300000",
      "side": "sell"
    },
    {
      "time": "2021-08-06T15:50:53.78701Z",
      "trade_id": 143109035,
      "price": "2815.00000000",
      "size": "1.68536412",
      "side": "sell"
    },
    {
      "time": "2021-08-06T15:50:53.779423Z",
      "trade_id": 143109034,
      "price": "2815.00000000",
      "size": "1.75000000",
      "side": "sell"
    },
    {
      "time": "2021-08-06T15:50:53.772832Z",
      "trade_id": 143109033,
      "price": "2815.00000000",
      "size": "1.53013321",
      "side": "sell"
    },
    {
      "time": "2021-08-06T15:50:53.763033Z",
      "trade_id": 143109032,
      "price": "2815.00000000",
      "size": "2.50587034",
      "side": "sell"
    },
    {
      "time": "2021-08-06T15:50:53.754161Z",
      "trade_id": 143109031,
      "price": "2815.00000000",
      "size": "0.30000000",
      "side": "sell"
    },
    {
      "time": "2021-08-06T15:50:53.728942Z",
      "trade_id": 143109030,
      "price": "2815.00000000",
      "size": "2.55000000",
      "side": "sell"
    },
    {
      "time": "2021-08-06T15:50:53.67645Z",
      "trade_id": 143109029,
      "price": "2815.00000000",
      "size": "0.10000000",
      "side": "sell"
    },
    {
      "time": "2021-08-06T15:50:53.657101Z",
      "trade_id": 143109028,
      "price": "2815.00000000",
      "size": "0.15000000",
      "side": "sell"
    },
    {
      "time": "2021-08-06T15:50:53.645106Z",
      "trade_id": 143109027,
      "price": "2815.00000000",
      "size": "3.15606608",
      "side": "sell"
    },
    {
      "time": "2021-08-06T15:50:53.632042Z",
      "trade_id": 143109026,
      "price": "2815.00000000",
      "size": "4.35000000",
      "side": "sell"
    },
    {
      "time": "2021-08-06T15:50:53.627043Z",
      "trade_id": 143109025,
      "price": "2815.00000000",
      "size": "3.05000000",
      "side": "sell"
    },
    {
      "time": "2021-08-06T15:50:53.605831Z",
      "trade_id": 143109024,
      "price": "2815.00000000",
      "size": "1.06200799",
      "side": "sell"
    },
    {
      "time": "2021-08-06T15:50:53.603478Z",
      "trade_id": 143109023,
      "price": "2815.00000000",
      "size": "0.85000000",
      "side": "sell"
    },
    {
      "time": "2021-08-06T15:50:53.562609Z",
      "trade_id": 143109022,
      "price": "2815.00000000",
      "size": "1.15000000",
      "side": "sell"
    },
    {
      "time": "2021-08-06T15:50:53.475233Z",
      "trade_id": 143109021,
      "price": "2815.00000000",
      "size": "1.25679243",
      "side": "sell"
    },
    {
      "time": "2021-08-06T15:50:53.459365Z",
      "trade_id": 143109020,
      "price": "2815.00000000",
      "size": "0.25000000",
      "side": "sell"
    },
    {
      "time": "2021-08-06T15:50:53.442827Z",
      "trade_id": 143109019,
      "price": "2815.00000000",
      "size": "2.70000000",
      "side": "sell"
    },
    {
      "time": "2021-08-06T15:50:53.433997Z",
      "trade_id": 143109018,
      "price": "2815.00000000",
      "size": "13.10000000",
      "side": "sell"
    },
    {
      "time": "2021-08-06T15:50:52.527094Z",
      "trade_id": 143109017,
      "price": "2814.71000000",
      "size": "0.04134306",
      "side": "sell"
    },
    {
      "time": "2021-08-06T15:50:52.419054Z",
      "trade_id": 143109016,
      "price": "2814.71000000",
      "size": "0.34804636",
      "side": "sell"
    },
    {
      "time": "2021-08-06T15:50:52.327488Z",
      "trade_id": 143109015,
      "price": "2814.71000000",
      "size": "0.03398858",
      "side": "sell"
    },
    {
      "time": "2021-08-06T15:50:51.562688Z",
      "trade_id": 143109014,
      "price": "2814.53000000",
      "size": "0.05892914",
      "side": "sell"
    },
    {
      "time": "2021-08-06T15:50:51.166875Z",
      "trade_id": 143109013,
      "price": "2814.53000000",
      "size": "0.08823526",
      "side": "sell"
    },
    {
      "time": "2021-08-06T15:50:50.796111Z",
      "trade_id": 143109012,
      "price": "2814.79000000",
      "size": "0.06796452",
      "side": "sell"
    },
    {
      "time": "2021-08-06T15:50:50.722459Z",
      "trade_id": 143109011,
      "price": "2814.79000000",
      "size": "0.24600982",
      "side": "sell"
    },
    {
      "time": "2021-08-06T15:50:50.722459Z",
      "trade_id": 143109010,
      "price": "2814.73000000",
      "size": "0.17614400",
      "side": "sell"
    },
    {
      "time": "2021-08-06T15:50:50.401127Z",
      "trade_id": 143109009,
      "price": "2814.96000000",
      "size": "0.01188247",
      "side": "sell"
    },
    {
      "time": "2021-08-06T15:50:50.401127Z",
      "trade_id": 143109008,
      "price": "2814.96000000",
      "size": "0.02328102",
      "side": "sell"
    },
    {
      "time": "2021-08-06T15:50:50.035998Z",
      "trade_id": 143109007,
      "price": "2814.95000000",
      "size": "0.05185579",
      "side": "sell"
    },
    {
      "time": "2021-08-06T15:50:49.472088Z",
      "trade_id": 143109006,
      "price": "2814.61000000",
      "size": "0.54678204",
      "side": "sell"
    },
    {
      "time": "2021-08-06T15:50:48.865269Z",
      "trade_id": 143109005,
      "price": "2814.95000000",
      "size": "1.94810004",
      "side": "sell"
    },
    {
      "time": "2021-08-06T15:50:48.865269Z",
      "trade_id": 143109004,
      "price": "2814.94000000",
      "size": "0.00989996",
      "side": "sell"
    },
    {
      "time": "2021-08-06T15:50:48.865269Z",
      "trade_id": 143109003,
      "price": "2814.71000000",
      "size": "2.50400000",
      "side": "sell"
    },
    {
      "time": "2021-08-06T15:50:48.526424Z",
      "trade_id": 143109002,
      "price": "2814.71000000",
      "size": "1.04453335",
      "side": "sell"
    },
    {
      "time": "2021-08-06T15:50:48.035001Z",
      "trade_id": 143109001,
      "price": "2814.91000000",
      "size": "0.69624727",
      "side": "sell"
    },
    {
      "time": "2021-08-06T15:50:47.060016Z",
      "trade_id": 143109000,
      "price": "2814.80000000",
      "size": "0.00341198",
      "side": "sell"
    },
    {
      "time": "2021-08-06T15:50:46.611243Z",
      "trade_id": 143108999,
      "price": "2814.51000000",
      "size": "2.01932454",
      "side": "sell"
    },
    {
      "time": "2021-08-06T15:50:46.126402Z",
      "trade_id": 143108998,
      "price": "2814.91000000",
      "size": "0.03569272",
      "side": "buy"
    },
    {
      "time": "2021-08-06T15:50:46.120423Z",
      "trade_id": 143108997,
      "price": "2814.91000000",
      "size": "0.48768251",
      "side": "buy"
    },
    {
      "time": "2021-08-06T15:50:45.366941Z",
      "trade_id": 143108996,
      "price": "2815.04000000",
      "size": "0.02851126",
      "side": "sell"
    },
    {
      "time": "2021-08-06T15:50:45.366941Z",
      "trade_id": 143108995,
      "price": "2815.02000000",
      "size": "0.01567227",
      "side": "sell"
    },
    {
      "time": "2021-08-06T15:50:44.824913Z",
      "trade_id": 143108994,
      "price": "2815.12000000",
      "size": "0.01343148",
      "side": "sell"
    },
    {
      "time": "2021-08-06T15:50:44.578132Z",
      "trade_id": 143108993,
      "price": "2815.16000000",
      "size": "0.01880268",
      "side": "buy"
    },
    {
      "time": "2021-08-06T15:50:44.561493Z",
      "trade_id": 143108992,
      "price": "2815.14000000",
      "size": "0.41944780",
      "side": "sell"
    },
    {
      "time": "2021-08-06T15:50:44.561493Z",
      "trade_id": 143108991,
      "price": "2815.13000000",
      "size": "0.05055220",
      "side": "sell"
    },
    {
      "time": "2021-08-06T15:50:44.561493Z",
      "trade_id": 143108990,
      "price": "2815.01000000",
      "size": "0.50000000",
      "side": "sell"
    },
    {
      "time": "2021-08-06T15:50:44.274372Z",
      "trade_id": 143108989,
      "price": "2814.99000000",
      "size": "0.44923758",
      "side": "buy"
    },
    {
      "time": "2021-08-06T15:50:44.198604Z",
      "trade_id": 143108988,
      "price": "2815.00000000",
      "size": "7.00000000",
      "side": "buy"
    },
    {
      "time": "2021-08-06T15:50:44.198604Z",
      "trade_id": 143108987,
      "price": "2815.00000000",
      "size": "1.27854266",
      "side": "buy"
    },
    {
      "time": "2021-08-06T15:50:44.161324Z",
      "trade_id": 143108986,
      "price": "2815.00000000",
      "size": "0.63426213",
      "side": "buy"
    },
    {
      "time": "2021-08-06T15:50:43.9021Z",
      "trade_id": 143108985,
      "price": "2815.01000000",
      "size": "0.00499360",
      "side": "sell"
    },
    {
      "time": "2021-08-06T15:50:43.871602Z",
      "trade_id": 143108984,
      "price": "2815.00000000",
      "size": "0.56000000",
      "side": "buy"
    },
    {
      "time": "2021-08-06T15:50:43.855184Z",
      "trade_id": 143108983,
      "price": "2815.01000000",
      "size": "0.02853333",
      "side": "sell"
    },
    {
      "time": "2021-08-06T15:50:43.840604Z",
      "trade_id": 143108982,
      "price": "2815.10000000",
      "size": "0.13813334",
      "side": "buy"
    },
    {
      "time": "2021-08-06T15:50:43.823022Z",
      "trade_id": 143108981,
      "price": "2815.00000000",
      "size": "38.26479497",
      "side": "buy"
    },
    {
      "time": "2021-08-06T15:50:43.823022Z",
      "trade_id": 143108980,
      "price": "2815.10000000",
      "size": "0.08560000",
      "side": "buy"
    },
    {
      "time": "2021-08-06T15:50:43.746673Z",
      "trade_id": 143108979,
      "price": "2815.10000000",
      "size": "0.00100000",
      "side": "buy"
    },
    {
      "time": "2021-08-06T15:50:43.608717Z",
      "trade_id": 143108978,
      "price": "2815.13000000",
      "size": "0.00299090",
      "side": "sell"
    },
    {
      "time": "2021-08-06T15:50:43.499257Z",
      "trade_id": 143108977,
      "price": "2815.10000000",
      "size": "0.00200000",
      "side": "buy"
    },
    {
      "time": "2021-08-06T15:50:43.470741Z",
      "trade_id": 143108976,
      "price": "2815.10000000",
      "size": "0.00300000",
      "side": "buy"
    },
    {
      "time": "2021-08-06T15:50:43.423402Z",
      "trade_id": 143108975,
      "price": "2815.21000000",
      "size": "0.00600000",
      "side": "buy"
    },
    {
      "time": "2021-08-06T15:50:43.408108Z",
      "trade_id": 143108974,
      "price": "2815.21000000",
      "size": "0.01300000",
      "side": "buy"
    },
    {
      "time": "2021-08-06T15:50:43.391346Z",
      "trade_id": 143108973,
      "price": "2815.21000000",
      "size": "0.02500000",
      "side": "buy"
    },
    {
      "time": "2021-08-06T15:50:43.375304Z",
      "trade_id": 143108972,
      "price": "2815.22000000",
      "size": "0.00177037",
      "side": "sell"
    },
    {
      "time": "2021-08-06T15:50:43.062092Z",
      "trade_id": 143108971,
      "price": "2815.13000000",
      "size": "0.01212473",
      "side": "buy"
    },
    {
      "time": "2021-08-06T15:50:42.944062Z",
      "trade_id": 143108970,
      "price": "2815.01000000",
      "size": "0.91240000",
      "side": "sell"
    },
    {
      "time": "2021-08-06T15:50:42.881768Z",
      "trade_id": 143108969,
      "price": "2815.00000000",
      "size": "0.17847822",
      "side": "buy"
    },
    {
      "time": "2021-08-06T15:50:42.600806Z",
      "trade_id": 143108968,
      "price": "2815.01000000",
      "size": "0.00850122",
      "side": "sell"
    },
    {
      "time": "2021-08-06T15:50:42.600806Z",
      "trade_id": 143108967,
      "price": "2815.01000000",
      "size": "0.22349878",
      "side": "sell"
    },
    {
      "time": "2021-08-06T15:50:42.600806Z",
      "trade_id": 143108966,
      "price": "2815.01000000",
      "size": "2.50400000",
      "side": "sell"
    },
    {
      "time": "2021-08-06T15:50:42.573356Z",
      "trade_id": 143108965,
      "price": "2815.00000000",
      "size": "0.05100000",
      "side": "buy"
    },
    {
      "time": "2021-08-06T15:50:42.545039Z",
      "trade_id": 143108964,
      "price": "2815.00000000",
      "size": "0.10100000",
      "side": "buy"
    },
    {
      "time": "2021-08-06T15:50:42.525351Z",
      "trade_id": 143108963,
      "price": "2815.00000000",
      "size": "0.20200000",
      "side": "buy"
    },
    {
      "time": "2021-08-06T15:50:42.503227Z",
      "trade_id": 143108962,
      "price": "2815.00000000",
      "size": "0.40500000",
      "side": "buy"
    },
    {
      "time": "2021-08-06T15:50:42.486679Z",
      "trade_id": 143108961,
      "price": "2815.00000000",
      "size": "0.81000000",
      "side": "buy"
    },
    {
      "time": "2021-08-06T15:50:42.437925Z",
      "trade_id": 143108960,
      "price": "2815.00000000",
      "size": "1.61900000",
      "side": "buy"
    },
    {
      "time": "2021-08-06T15:50:42.41526Z",
      "trade_id": 143108959,
      "price": "2815.00000000",
      "size": "1.32500000",
      "side": "buy"
    },
    {
      "time": "2021-08-06T15:50:42.407146Z",
      "trade_id": 143108958,
      "price": "2815.00000000",
      "size": "1.01300000",
      "side": "buy"
    },
    {
      "time": "2021-08-06T15:50:42.399199Z",
      "trade_id": 143108957,
      "price": "2815.00000000",
      "size": "0.03556004",
      "side": "buy"
    },
    {
      "time": "2021-08-06T15:50:42.394958Z",
      "trade_id": 143108956,
      "price": "2815.00000000",
      "size": "0.30000000",
      "side": "buy"
    },
    {
      "time": "2021-08-06T15:50:42.370749Z",
      "trade_id": 143108955,
      "price": "2815.00000000",
      "size": "0.30000000",
      "side": "buy"
    },
    {
      "time": "2021-08-06T15:50:42.363077Z",
      "trade_id": 143108954,
      "price": "2815.00000000",
      "size": "1.75000000",
      "side": "buy"
    },
    {
      "time": "2021-08-06T15:50:42.341889Z",
      "trade_id": 143108953,
      "price": "2815.00000000",
      "size": "2.02700000",
      "side": "buy"
    },
    {
      "time": "2021-08-06T15:50:42.341889Z",
      "trade_id": 143108952,
      "price": "2815.08000000",
      "size": "0.60000000",
      "side": "buy"
    },
    {
      "time": "2021-08-06T15:50:42.3164Z",
      "trade_id": 143108951,
      "price": "2815.00000000",
      "size": "0.60000000",
      "side": "buy"
    },
    {
      "time": "2021-08-06T15:50:42.308825Z",
      "trade_id": 143108950,
      "price": "2815.00000000",
      "size": "3.50000000",
      "side": "buy"
    },
    {
      "time": "2021-08-06T15:50:42.299815Z",
      "trade_id": 143108949,
      "price": "2815.00000000",
      "size": "5.04536198",
      "side": "buy"
    },
    {
      "time": "2021-08-06T15:50:42.299815Z",
      "trade_id": 143108948,
      "price": "2815.05000000",
      "size": "0.80763802",
      "side": "buy"
    },
    {
      "time": "2021-08-06T15:50:42.299815Z",
      "trade_id": 143108947,
      "price": "2815.13000000",
      "size": "0.60000000",
      "side": "buy"
    },
    {
      "time": "2021-08-06T15:50:42.268328Z",
      "trade_id": 143108946,
      "price": "2815.10000000",
      "size": "8.22000000",
      "side": "buy"
    },
    {
      "time": "2021-08-06T15:50:42.26437Z",
      "trade_id": 143108945,
      "price": "2815.29000000",
      "size": "1.65000000",
      "side": "buy"
    },
    {
      "time": "2021-08-06T15:50:42.237909Z",
      "trade_id": 143108944,
      "price": "2815.31000000",
      "size": "7.00000000",
      "side": "buy"
    },
    {
      "time": "2021-08-06T15:50:42.237909Z",
      "trade_id": 143108943,
      "price": "2815.32000000",
      "size": "0.63488371",
      "side": "buy"
    },
    {
      "time": "2021-08-06T15:50:41.969143Z",
      "trade_id": 143108942,
      "price": "2815.62000000",
      "size": "0.02479963",
      "side": "sell"
    },
    {
      "time": "2021-08-06T15:50:41.77718Z",
      "trade_id": 143108941,
      "price": "2815.62000000",
      "size": "1.20000000",
      "side": "buy"
    },
    {
      "time": "2021-08-06T15:50:41.296951Z",
      "trade_id": 143108940,
      "price": "2815.47000000",
      "size": "5.80000000",
      "side": "buy"
    },
    {
      "time": "2021-08-06T15:50:41.156174Z",
      "trade_id": 143108939,
      "price": "2815.48000000",
      "size": "0.00884851",
      "side": "sell"
    },
    {
      "time": "2021-08-06T15:50:41.135331Z",
      "trade_id": 143108938,
      "price": "2815.47000000",
      "size": "1.20000000",
      "side": "buy"
    },
    {
      "time": "2021-08-06T15:50:41.061738Z",
      "trade_id": 143108937,
      "price": "2815.39000000",
      "size": "0.04600000",
      "side": "buy"
    },
    {
      "time": "2021-08-06T15:50:41.037413Z",
      "trade_id": 143108936,
      "price": "2815.54000000",
      "size": "1.65000000",
      "side": "buy"
    },
    {
      "time": "2021-08-06T15:50:41.021473Z",
      "trade_id": 143108935,
      "price": "2815.74000000",
      "size": "0.04300000",
      "side": "buy"
    },
    {
      "time": "2021-08-06T15:50:41.017368Z",
      "trade_id": 143108934,
      "price": "2815.77000000",
      "size": "7.00000000",
      "side": "buy"
    },
    {
      "time": "2021-08-06T15:50:39.54138Z",
      "trade_id": 143108933,
      "price": "2815.80000000",
      "size": "0.09872991",
      "side": "buy"
    },
    {
      "time": "2021-08-06T15:50:39.491914Z",
      "trade_id": 143108932,
      "price": "2816.22000000",
      "size": "0.01766596",
      "side": "sell"
    },
    {
      "time": "2021-08-06T15:50:39.436634Z",
      "trade_id": 143108931,
      "price": "2815.95000000",
      "size": "0.24149356",
      "side": "buy"
    },
    {
      "time": "2021-08-06T15:50:39.436634Z",
      "trade_id": 143108930,
      "price": "2815.95000000",
      "size": "0.28410644",
      "side": "buy"
    },
    {
      "time": "2021-08-06T15:50:39.436634Z",
      "trade_id": 143108929,
      "price": "2815.97000000",
      "size": "0.47440000",
      "side": "buy"
    },
    {
      "time": "2021-08-06T15:50:39.14691Z",
      "trade_id": 143108928,
      "price": "2815.88000000",
      "size": "0.08703809",
      "side": "sell"
    },
    {
      "time": "2021-08-06T15:50:38.843957Z",
      "trade_id": 143108927,
      "price": "2816.04000000",
      "size": "0.19150019",
      "side": "sell"
    },
    {
      "time": "2021-08-06T15:50:38.843957Z",
      "trade_id": 143108926,
      "price": "2815.95000000",
      "size": "1.00000000",
      "side": "sell"
    },
    {
      "time": "2021-08-06T15:50:38.843957Z",
      "trade_id": 143108925,
      "price": "2815.78000000",
      "size": "0.01059151",
      "side": "sell"
    },
    {
      "time": "2021-08-06T15:50:38.843957Z",
      "trade_id": 143108924,
      "price": "2815.78000000",
      "size": "2.50400000",
      "side": "sell"
    },
    {
      "time": "2021-08-06T15:50:38.843957Z",
      "trade_id": 143108923,
      "price": "2815.78000000",
      "size": "0.76790830",
      "side": "sell"
    },
    {
      "time": "2021-08-06T15:50:38.799214Z",
      "trade_id": 143108922,
      "price": "2815.78000000",
      "size": "0.03428013",
      "side": "sell"
    },
    {
      "time": "2021-08-06T15:50:38.7478Z",
      "trade_id": 143108921,
      "price": "2815.77000000",
      "size": "0.07001042",
      "side": "buy"
    },
    {
      "time": "2021-08-06T15:50:38.505925Z",
      "trade_id": 143108920,
      "price": "2815.78000000",
      "size": "0.00157360",
      "side": "sell"
    },
    {
      "time": "2021-08-06T15:50:38.465605Z",
      "trade_id": 143108919,
      "price": "2815.78000000",
      "size": "0.04077044",
      "side": "sell"
    },
    {
      "time": "2021-08-06T15:50:38.396296Z",
      "trade_id": 143108918,
      "price": "2815.78000000",
      "size": "0.00989584",
      "side": "sell"
    },
    {
      "time": "2021-08-06T15:50:38.044887Z",
      "trade_id": 143108917,
      "price": "2815.78000000",
      "size": "0.17405516",
      "side": "sell"
    },
    {
      "time": "2021-08-06T15:50:36.559049Z",
      "trade_id": 143108916,
      "price": "2815.78000000",
      "size": "0.00108623",
      "side": "sell"
    },
    {
      "time": "2021-08-06T15:50:35.953257Z",
      "trade_id": 143108915,
      "price": "2815.81000000",
      "size": "0.00587807",
      "side": "buy"
    },
    {
      "time": "2021-08-06T15:50:35.491293Z",
      "trade_id": 143108914,
      "price": "2815.92000000",
      "size": "0.96012931",
      "side": "buy"
    },
    {
      "time": "2021-08-06T15:50:35.491293Z",
      "trade_id": 143108913,
      "price": "2815.92000000",
      "size": "2.18100000",
      "side": "buy"
    },
    {
      "time": "2021-08-06T15:50:34.952619Z",
      "trade_id": 143108912,
      "price": "2815.40000000",
      "size": "0.03428269",
      "side": "sell"
    },
    {
      "time": "2021-08-06T15:50:34.654799Z",
      "trade_id": 143108911,
      "price": "2815.50000000",
      "size": "0.03587928",
      "side": "buy"
    },
    {
      "time": "2021-08-06T15:50:34.332393Z",
      "trade_id": 143108910,
      "price": "2815.55000000",
      "size": "0.17616052",
      "side": "sell"
    },
    {
      "time": "2021-08-06T15:50:34.175244Z",
      "trade_id": 143108909,
      "price": "2815.33000000",
      "size": "0.99834003",
      "side": "buy"
    },
    {
      "time": "2021-08-06T15:50:33.885845Z",
      "trade_id": 143108908,
      "price": "2815.33000000",
      "size": "0.12222187",
      "side": "buy"
    },
    {
      "time": "2021-08-06T15:50:33.840518Z",
      "trade_id": 143108907,
      "price": "2815.34000000",
      "size": "2.27100000",
      "side": "sell"
    },
    {
      "time": "2021-08-06T15:50:33.440382Z",
      "trade_id": 143108906,
      "price": "2815.47000000",
      "size": "0.00654026",
      "side": "sell"
    },
    {
      "time": "2021-08-06T15:50:32.362415Z",
      "trade_id": 143108905,
      "price": "2815.11000000",
      "size": "6.06051895",
      "side": "buy"
    },
    {
      "time": "2021-08-06T15:50:32.362415Z",
      "trade_id": 143108904,
      "price": "2815.15000000",
      "size": "0.01776717",
      "side": "buy"
    },
    {
      "time": "2021-08-06T15:50:32.362415Z",
      "trade_id": 143108903,
      "price": "2815.24000000",
      "size": "0.53397156",
      "side": "buy"
    },
    {
      "time": "2021-08-06T15:50:32.362415Z",
      "trade_id": 143108902,
      "price": "2815.33000000",
      "size": "0.33514216",
      "side": "buy"
    },
    {
      "time": "2021-08-06T15:50:32.362415Z",
      "trade_id": 143108901,
      "price": "2815.33000000",
      "size": "1.84960016",
      "side": "buy"
    },
    {
      "time": "2021-08-06T15:50:32.358308Z",
      "trade_id": 143108900,
      "price": "2815.33000000",
      "size": "0.35039984",
      "side": "buy"
    },
    {
      "time": "2021-08-06T15:50:32.358308Z",
      "trade_id": 143108899,
      "price": "2815.33000000",
      "size": "1.21960016",
      "side": "buy"
    },
    {
      "time": "2021-08-06T15:50:32.331658Z",
      "trade_id": 143108898,
      "price": "2815.33000000",
      "size": "1.28839984",
      "side": "buy"
    },
    {
      "time": "2021-08-06T15:50:32.331658Z",
      "trade_id": 143108897,
      "price": "2815.34000000",
      "size": "0.36160016",
      "side": "buy"
    },
    {
      "time": "2021-08-06T15:50:32.287974Z",
      "trade_id": 143108896,
      "price": "2815.15000000",
      "size": "0.34992995",
      "side": "buy"
    },
    {
      "time": "2021-08-06T15:50:32.287974Z",
      "trade_id": 143108895,
      "price": "2815.17000000",
      "size": "0.52812280",
      "side": "buy"
    },
    {
      "time": "2021-08-06T15:50:32.287974Z",
      "trade_id": 143108894,
      "price": "2815.17000000",
      "size": "0.42578078",
      "side": "buy"
    },
    {
      "time": "2021-08-06T15:50:32.287974Z",
      "trade_id": 143108893,
      "price": "2815.24000000",
      "size": "2.20000000",
      "side": "buy"
    },
    {
      "time": "2021-08-06T15:50:32.287974Z",
      "trade_id": 143108892,
      "price": "2815.48000000",
      "size": "0.04716647",
      "side": "buy"
    },
    {
      "time": "2021-08-06T15:50:32.12346Z",
      "trade_id": 143108891,
      "price": "2815.92000000",
      "size": "5.60650934",
      "side": "sell"
    },
    {
      "time": "2021-08-06T15:50:32.12346Z",
      "trade_id": 143108890,
      "price": "2815.92000000",
      "size": "0.29463904",
      "side": "sell"
    },
    {
      "time": "2021-08-06T15:50:32.12346Z",
      "trade_id": 143108889,
      "price": "2815.92000000",
      "size": "0.04460599",
      "side": "sell"
    },
    {
      "time": "2021-08-06T15:50:32.12346Z",
      "trade_id": 143108888,
      "price": "2815.92000000",
      "size": "16.90000000",
      "side": "sell"
    },
    {
      "time": "2021-08-06T15:50:32.12346Z",
      "trade_id": 143108887,
      "price": "2815.91000000",
      "size": "16.90000000",
      "side": "sell"
    },
    {
      "time": "2021-08-06T15:50:32.12346Z",
      "trade_id": 143108886,
      "price": "2815.90000000",
      "size": "0.22639790",
      "side": "sell"
    },
    {
      "time": "2021-08-06T15:50:32.12346Z",
      "trade_id": 143108885,
      "price": "2815.88000000",
      "size": "16.90000000",
      "side": "sell"
    },
    {
      "time": "2021-08-06T15:50:32.12346Z",
      "trade_id": 143108884,
      "price": "2815.88000000",
      "size": "0.46620376",
      "side": "sell"
    },
    {
      "time": "2021-08-06T15:50:32.12346Z",
      "trade_id": 143108883,
      "price": "2815.88000000",
      "size": "8.30000000",
      "side": "sell"
    },
    {
      "time": "2021-08-06T15:50:32.12346Z",
      "trade_id": 143108882,
      "price": "2815.87000000",
      "size": "0.38493656",
      "side": "sell"
    },
    {
      "time": "2021-08-06T15:50:32.12346Z",
      "trade_id": 143108881,
      "price": "2815.63000000",
      "size": "0.28329160",
      "side": "sell"
    },
    {
      "time": "2021-08-06T15:50:32.12346Z",
      "trade_id": 143108880,
      "price": "2815.60000000",
      "size": "2.18100000",
      "side": "sell"
    },
    {
      "time": "2021-08-06T15:50:32.12346Z",
      "trade_id": 143108879,
      "price": "2815.59000000",
      "size": "0.04251166",
      "side": "sell"
    },
    {
      "time": "2021-08-06T15:50:32.045929Z",
      "trade_id": 143108878,
      "price": "2814.99000000",
      "size": "0.16936699",
      "side": "buy"
    },
    {
      "time": "2021-08-06T15:50:32.045929Z",
      "trade_id": 143108877,
      "price": "2815.01000000",
      "size": "11.21563158",
      "side": "buy"
    },
    {
      "time": "2021-08-06T15:50:32.045929Z",
      "trade_id": 143108876,
      "price": "2815.02000000",
      "size": "6.69861042",
      "side": "buy"
    },
    {
      "time": "2021-08-06T15:50:32.045929Z",
      "trade_id": 143108875,
      "price": "2815.06000000",
      "size": "0.80762328",
      "side": "buy"
    },
    {
      "time": "2021-08-06T15:50:32.045929Z",
      "trade_id": 143108874,
      "price": "2815.15000000",
      "size": "2.20000000",
      "side": "buy"
    },
    {
      "time": "2021-08-06T15:50:32.045929Z",
      "trade_id": 143108873,
      "price": "2815.30000000",
      "size": "0.75224500",
      "side": "buy"
    },
    {
      "time": "2021-08-06T15:50:32.045929Z",
      "trade_id": 143108872,
      "price": "2815.39000000",
      "size": "1.65000000",
      "side": "buy"
    },
    {
      "time": "2021-08-06T15:50:32.045929Z",
      "trade_id": 143108871,
      "price": "2815.56000000",
      "size": "0.03500000",
      "side": "buy"
    },
    {
      "time": "2021-08-06T15:50:32.045929Z",
      "trade_id": 143108870,
      "price": "2815.57000000",
      "size": "1.58814428",
      "side": "buy"
    },
    {
      "time": "2021-08-06T15:50:32.045929Z",
      "trade_id": 143108869,
      "price": "2815.58000000",
      "size": "7.00000000",
      "side": "buy"
    },
    {
      "time": "2021-08-06T15:50:32.003848Z",
      "trade_id": 143108868,
      "price": "2815.91000000",
      "size": "0.03344922",
      "side": "buy"
    },
    {
      "time": "2021-08-06T15:50:31.866634Z",
      "trade_id": 143108867,
      "price": "2815.97000000",
      "size": "0.05107532",
      "side": "sell"
    },
    {
      "time": "2021-08-06T15:50:31.866634Z",
      "trade_id": 143108866,
      "price": "2815.97000000",
      "size": "0.36000000",
      "side": "sell"
    },
    {
      "time": "2021-08-06T15:50:31.866634Z",
      "trade_id": 143108865,
      "price": "2815.97000000",
      "size": "0.21586853",
      "side": "sell"
    },
    {
      "time": "2021-08-06T15:50:31.841493Z",
      "trade_id": 143108864,
      "price": "2815.96000000",
      "size": "0.00100000",
      "side": "buy"
    },
    {
      "time": "2021-08-06T15:50:30.849139Z",
      "trade_id": 143108863,
      "price": "2816.06000000",
      "size": "0.00321789",
      "side": "sell"
    },
    {
      "time": "2021-08-06T15:50:30.16911Z",
      "trade_id": 143108862,
      "price": "2816.10000000",
      "size": "0.01111066",
      "side": "sell"
    },
    {
      "time": "2021-08-06T15:50:30.054908Z",
      "trade_id": 143108861,
      "price": "2816.10000000",
      "size": "0.00348326",
      "side": "sell"
    },
    {
      "time": "2021-08-06T15:50:29.849681Z",
      "trade_id": 143108860,
      "price": "2816.15000000",
      "size": "0.00104823",
      "side": "sell"
    },
    {
      "time": "2021-08-06T15:50:29.58789Z",
      "trade_id": 143108859,
      "price": "2816.15000000",
      "size": "0.61300655",
      "side": "sell"
    },
    {
      "time": "2021-08-06T15:50:29.403989Z",
      "trade_id": 143108858,
      "price": "2816.14000000",
      "size": "0.00177620",
      "side": "buy"
    },
    {
      "time": "2021-08-06T15:50:29.330521Z",
      "trade_id": 143108857,
      "price": "2816.15000000",
      "size": "0.00234533",
      "side": "sell"
    },
    {
      "time": "2021-08-06T15:50:29.1838Z",
      "trade_id": 143108856,
      "price": "2816.05000000",
      "size": "0.21559245",
      "side": "buy"
    },
    {
      "time": "2021-08-06T15:50:29.1838Z",
      "trade_id": 143108855,
      "price": "2816.14000000",
      "size": "0.12376939",
      "side": "buy"
    },
    {
      "time": "2021-08-06T15:50:29.1838Z",
      "trade_id": 143108854,
      "price": "2816.14000000",
      "size": "0.17395346",
      "side": "buy"
    },
    {
      "time": "2021-08-06T15:50:29.166746Z",
      "trade_id": 143108853,
      "price": "2816.14000000",
      "size": "0.17667715",
      "side": "buy"
    },
    {
      "time": "2021-08-06T15:50:29.015839Z",
      "trade_id": 143108852,
      "price": "2816.15000000",
      "size": "0.08703561",
      "side": "sell"
    },
    {
      "time": "2021-08-06T15:50:28.90232Z",
      "trade_id": 143108851,
      "price": "2816.05000000",
      "size": "0.05333334",
      "side": "sell"
    },
    {
      "time": "2021-08-06T15:50:28.705221Z",
      "trade_id": 143108850,
      "price": "2816.15000000",
      "size": "0.01696642",
      "side": "sell"
    },
    {
      "time": "2021-08-06T15:50:28.643646Z",
      "trade_id": 143108849,
      "price": "2816.23000000",
      "size": "0.40024839",
      "side": "sell"
    },
    {
      "time": "2021-08-06T15:50:28.643646Z",
      "trade_id": 143108848,
      "price": "2816.23000000",
      "size": "0.60000000",
      "side": "sell"
    },
    {
      "time": "2021-08-06T15:50:28.633509Z",
      "trade_id": 143108847,
      "price": "2816.15000000",
      "size": "0.03397615",
      "side": "sell"
    },
    {
      "time": "2021-08-06T15:50:28.327206Z",
      "trade_id": 143108846,
      "price": "2815.92000000",
      "size": "0.00162178",
      "side": "buy"
    },
    {
      "time": "2021-08-06T15:50:25.971316Z",
      "trade_id": 143108845,
      "price": "2815.92000000",
      "size": "0.00318349",
      "side": "sell"
    },
    {
      "time": "2021-08-06T15:50:25.845101Z",
      "trade_id": 143108844,
      "price": "2815.92000000",
      "size": "0.10000000",
      "side": "sell"
    },
    {
      "time": "2021-08-06T15:50:25.656293Z",
      "trade_id": 143108843,
      "price": "2816.23000000",
      "size": "0.75000000",
      "side": "buy"
    },
    {
      "time": "2021-08-06T15:50:25.651843Z",
      "trade_id": 143108842,
      "price": "2816.23000000",
      "size": "1.58800000",
      "side": "buy"
    },
    {
      "time": "2021-08-06T15:50:25.646789Z",
      "trade_id": 143108841,
      "price": "2816.23000000",
      "size": "0.90000000",
      "side": "buy"
    },
    {
      "time": "2021-08-06T15:50:25.643016Z",
      "trade_id": 143108840,
      "price": "2816.23000000",
      "size": "2.45000000",
      "side": "buy"
    },
    {
      "time": "2021-08-06T15:50:25.432807Z",
      "trade_id": 143108839,
      "price": "2816.62000000",
      "size": "1.44555388",
      "side": "buy"
    },
    {
      "time": "2021-08-06T15:50:25.428804Z",
      "trade_id": 143108838,
      "price": "2816.63000000",
      "size": "0.04415848",
      "side": "sell"
    },
    {
      "time": "2021-08-06T15:50:25.291295Z",
      "trade_id": 143108837,
      "price": "2816.63000000",
      "size": "0.97726733",
      "side": "sell"
    },
    {
      "time": "2021-08-06T15:50:25.291295Z",
      "trade_id": 143108836,
      "price": "2816.63000000",
      "size": "0.76303358",
      "side": "sell"
    },
    {
      "time": "2021-08-06T15:50:24.627726Z",
      "trade_id": 143108835,
      "price": "2816.63000000",
      "size": "0.01696642",
      "side": "sell"
    },
    {
      "time": "2021-08-06T15:50:24.402747Z",
      "trade_id": 143108834,
      "price": "2816.71000000",
      "size": "0.00217758",
      "side": "sell"
    },
    {
      "time": "2021-08-06T15:50:24.040254Z",
      "trade_id": 143108833,
      "price": "2816.91000000",
      "size": "0.00654131",
      "side": "sell"
    },
    {
      "time": "2021-08-06T15:50:23.987256Z",
      "trade_id": 143108832,
      "price": "2816.64000000",
      "size": "0.36015005",
      "side": "buy"
    },
    {
      "time": "2021-08-06T15:50:23.560169Z",
      "trade_id": 143108831,
      "price": "2816.73000000",
      "size": "0.01342814",
      "side": "sell"
    },
    {
      "time": "2021-08-06T15:50:22.681115Z",
      "trade_id": 143108830,
      "price": "2816.38000000",
      "size": "0.02968029",
      "side": "buy"
    },
    {
      "time": "2021-08-06T15:50:21.445623Z",
      "trade_id": 143108829,
      "price": "2816.39000000",
      "size": "0.00101405",
      "side": "sell"
    },
    {
      "time": "2021-08-06T15:50:21.242155Z",
      "trade_id": 143108828,
      "price": "2816.39000000",
      "size": "0.02156092",
      "side": "buy"
    },
    {
      "time": "2021-08-06T15:50:21.238669Z",
      "trade_id": 143108827,
      "price": "2816.39000000",
      "size": "1.35000000",
      "side": "buy"
    },
    {
      "time": "2021-08-06T15:50:21.219023Z",
      "trade_id": 143108826,
      "price": "2816.39000000",
      "size": "0.65000000",
      "side": "buy"
    },
    {
      "time": "2021-08-06T15:50:21.187737Z",
      "trade_id": 143108825,
      "price": "2816.39000000",
      "size": "1.50000000",
      "side": "buy"
    },
    {
      "time": "2021-08-06T15:50:21.104721Z",
      "trade_id": 143108824,
      "price": "2816.87000000",
      "size": "0.00087209",
      "side": "buy"
    },
    {
      "time": "2021-08-06T15:50:20.941997Z",
      "trade_id": 143108823,
      "price": "2816.88000000",
      "size": "0.00103473",
      "side": "sell"
    },
    {
      "time": "2021-08-06T15:50:20.897292Z",
      "trade_id": 143108822,
      "price": "2816.87000000",
      "size": "0.06600000",
      "side": "buy"
    },
    {
      "time": "2021-08-06T15:50:20.229415Z",
      "trade_id": 143108821,
      "price": "2816.88000000",
      "size": "0.06265585",
      "side": "sell"
    },
    {
      "time": "2021-08-06T15:50:20.229415Z",
      "trade_id": 143108820,
      "price": "2816.88000000",
      "size": "0.04177347",
      "side": "sell"
    },
    {
      "time": "2021-08-06T15:50:20.14358Z",
      "trade_id": 143108819,
      "price": "2816.88000000",
      "size": "0.00141710",
      "side": "sell"
    },
    {
      "time": "2021-08-06T15:50:19.943747Z",
      "trade_id": 143108818,
      "price": "2817.02000000",
      "size": "1.20000000",
      "side": "buy"
    },
    {
      "time": "2021-08-06T15:50:19.776939Z",
      "trade_id": 143108817,
      "price": "2816.80000000",
      "size": "0.01696094",
      "side": "sell"
    },
    {
      "time": "2021-08-06T15:50:19.545774Z",
      "trade_id": 143108816,
      "price": "2817.02000000",
      "size": "0.01368091",
      "side": "sell"
    },
    {
      "time": "2021-08-06T15:50:19.545774Z",
      "trade_id": 143108815,
      "price": "2817.01000000",
      "size": "0.01720602",
      "side": "sell"
    },
    {
      "time": "2021-08-06T15:50:19.525889Z",
      "trade_id": 143108814,
      "price": "2817.02000000",
      "size": "0.13373706",
      "side": "sell"
    },
    {
      "time": "2021-08-06T15:50:19.510668Z",
      "trade_id": 143108813,
      "price": "2817.02000000",
      "size": "0.20380869",
      "side": "buy"
    },
    {
      "time": "2021-08-06T15:50:19.146956Z",
      "trade_id": 143108812,
      "price": "2816.48000000",
      "size": "0.12624737",
      "side": "buy"
    },
    {
      "time": "2021-08-06T15:50:18.957027Z",
      "trade_id": 143108811,
      "price": "2817.01000000",
      "size": "0.34814246",
      "side": "sell"
    },
    {
